3364 5328
1007 618 1089 684 80
1616 604 2026 672 OA‘I'ULLUS
2065 616 2183 682 105,
2216 613 2436 684 1—109,
2466 625 2512 671 6.

1181 793 1458 889 Mentula
1504 836 1753 888 conatur
1797 827 2061 902 Pipleum
2105 829 2393 887 scandere
2438 835 2726 889 montem:

1263 917 1464 976 Musae
1504 915 1755 991 ‘furcillis
1799 914 2177 989 praecipitem
2223 913 2478 973 eiiciunt.

1178 1066 1336 1165 Cum
1378 1120 1565 1180 puero
1611 1104 1769 1163 bello
1817 1119 2168 1178 praeconem
2214 1103 2314 1177 qui
2360 1103 2518 1163 videt
2562 1119 2709 1175 esse,

1096 1200 1148 1238 ³⁰
1260 1192 1414 1261 Quid
1459 1192 1675 1262 credat,
1724 1191 1835 1249 nisi
1879 1206 1945 1249 se
1989 1191 2247 1249 vendere
2293 1186 2647 1264 discupere?

1049 1376 1130 1436 75
1177 1341 1248 1435 Si
1295 1377 1614 1451 quicquam
1660 1379 1877 1454 cupido
1925 1379 2270 1454 optantique
2316 1381 2524 1455 obtigit
2569 1397 2830 1454 unquam

1260 1464 1607 1538 Insperanti,
1650 1467 1766 1524 hoc
1811 1472 1898 1523 est
1943 1473 2174 1540 gratum
2221 1466 2416 1523 animo
2461 1467 2713 1538 proprie.

1176 1550 1371 1618 Quare
1416 1550 1530 1609 hoc
1575 1559 1665 1609 est
1710 1558 1942 1625 gratum
1988 1551 2161 1609 nobis
2207 1565 2443 1624 quoque
2489 1550 2679 1606 carius
2724 1565 2891 1623 auro,

1262 1635 1433 1703 Quod
1477 1644 1535 1694 te
1579 1636 1857 1708 restituiS‚
1905 1635 2134 1705 Lesbia,
2181 1636 2258 1692 mi
2306 1633 2535 1705 cupid0.

1121 1732 1145 1769 ⁵
1173 1720 1448 1779 Restituis
1494 1722 1709 1794 cupido
1756 1729 1931 1794 atque
1976 1719 2296 1792 insperanti
2343 1718 2464 1790 ipsa
2513 1721 2698 1778 refers
2744 1729 2800 1779 te

1261 1806 1458 1865 Nobis.
1529 1822 1563 1865 o
1606 1807 1801 1866 lucem
1847 1804 2187 1863 candidiore
2231 1801 2399 1862 nota!

1175 1892 1317 1962 Quis
1362 1908 1456 1951 me
1501 1907 1621 1951 uno
1668 1893 1809 1952 vivit
1852 1890 2094 1959 felicior,
2142 1896 2244 1948 aut
2287 1891 2473 1965 magis
2521 1934 2534 1949 .
2574 1934 2586 1948 .
2622 1936 2635 1950 .
2672 1937 2685 1950 .

1261 1979 1566 2050 Optandus
1610 1979 1730 2036 vita
1774 1976 1968 2034 dicere
2014 1976 2145 2048 quis
2189 1971 2442 2050 poterit?

1175 2145 1245 2241 Si
1295 2182 1520 2242 Comini
1566 2181 1807 2241 arbitrio
1852 2179 2126 2255 populari
2176 2195 2323 2238 cana
2366 2190 2643 2242 senectus

1093 2282 1143 2320 10
1254 2269 1542 2342 Spurcata
1585 2267 1831 2341 impuris
1874 2266 2141 2324 moribus
2185 2266 2454 2339 intereat,

1173 2354 1299 2412 Non
1344 2354 1617 2427 equidem
1664 2353 1870 2410 dubito
1918 2352 2059 2425 quin
2104 2351 2358 2424 primum
2403 2354 2636 2412 inimica
2681 2356 2977 2416 bonorum

1258 2440 1485 2514 Lingua
1530 2446 1733 2498 execta
1779 2438 1951 2498 avido
1996 2437 2072 2496 sit
2118 2439 2254 2496 data
2299 2440 2574 2513 vulturio,

1175 2526 1432 2585 Effossos
1478 2525 1685 2585 oculos
1728 2531 1897 2583 voret
1942 2530 2069 2582 atro
2115 2530 2353 2598 gutture
2398 2541 2632 2600 corvuS,

1258 2611 1537 2671 Intestina
1583 2625 1780 2682 caneS‚
1827 2617 2020 2669 cetera
2066 2610 2329 2670 membra
2374 2609 2516 2687 lupi.

1101 2824 1149 2863 1⁵
1177 2778 1531 2889 Iucundum,
1577 2832 1711 2875 mea
1754 2816 1891 2886 vita,
1937 2816 2079 2874 mihi
2125 2814 2407 2890 proponis
2451 2829 2711 2873 amorem

1257 2904 1427 2961 Hunc
1472 2910 1741 2961 nostrum
1787 2903 1941 2960 inter
1985 2916 2095 2960 nos
2140 2907 2610 2975 perpetuumque
2656 2902 2799 2959 fore.

1172 2988 1259 3045 Dii
1304 2988 1520 3063 magni,
1568 2988 1741 3047 facite
1785 2995 1851 3047 ut
1895 3003 2033 3047 vere
2076 2987 2420 3061 promittere
2463 2986 2666 3058 possit,

1257 3075 1449 3147 Atque
1491 3075 1550 3132 id
1597 3067 1826 3133 sincere
1873 3074 2029 3131 dicat
2074 3080 2132 3130 et
2176 3089 2246 3130 ex
2291 3071 2505 3144 animo,

1170 3158 1244 3217 Ut
1288 3159 1459 3218 liceat
1501 3161 1673 3219 nobis
1720 3166 1843 3217 tota
1887 3159 2213 3232 perducere
2262 3157 2381 3215 vita

1091 3254 1144 3293 ²0
1254 3243 1574 3304 Aeternum
1619 3246 1734 3303 hoc
1779 3251 2019 3304 sanctae
2064 3243 2273 3302 foedus
2319 3242 2623 3302 amicitiae.

1136 3428 1220 3494 74,
1259 3439 1321 3481 27.
1363 3426 1601 3481 Centula.
1637 3428 1707 3480 D.
1817 3426 2084 3498 pipleium
2124 3426 2542 3479 Laurentianus.
2651 3424 2906 3479 scindere
2945 3425 3010 3477 L.

994 3509 1056 3549 28.
1099 3497 1332 3552 furcillis
1369 3498 1794 3551 Laurentianus:
1841 3497 2077 3551 forcillis
2117 3497 2182 3562 L,
2224 3496 2447 3549 fortillis
2486 3497 2554 3550 D.
2662 3508 2725 3546 29.
2760 3494 2911 3547 bello
2951 3493 3113 3550 Itali:

998 3568 1185 3622 obelio
1223 3571 1292 3632 D,
1333 3568 1541 3622 obellio
1580 3569 1643 3623 L.
1778 3582 1907 3621 esse
1947 3587 2129 3638 mar-qo
2167 3569 2243 3619 L:
2280 3567 2403 3637 ipse
2442 3566 2560 3623 DL.
2690 3578 2754 3618 3ο.
2792 3565 2898 3632 Qui
2936 3567 3007 3617 D.

1137 3655 1221 3721 75,
1261 3666 1300 3707 1.
1339 3653 1602 3724 quicquid
1645 3655 1711 3706 L.
1842 3654 2033 3723 ottigit
2068 3656 2138 3706 D.
2258 3666 2299 3704 2.
2339 3654 2508 3706 animi
2545 3655 2614 3705 D.
2721 3666 2761 3709 3.
2799 3657 2892 3707 est
2928 3672 3011 3706 om
3049 3654 3113 3707 L.

1049 3724 1322 3794 nobisque
1361 3728 1452 3779 est
1487 3724 1775 3833 Happtius.
1930 3738 1968 3776 6.
2009 3724 2133 3778 luce
2170 3724 2291 3775 DL.
2441 3736 2479 3774 7.
2522 3722 2659 3790 Quis
2707 3739 2793 3776 me
2832 3724 2971 3778 vivit
3005 3739 3114 3778 uno

1596 3805 1670 3835 180

994 3863 1103 3899 uno
1145 3846 1364 3901 felicior
1399 3849 1467 3900 D.
1574 3861 1663 3917 me
1703 3852 1793 3901 est
1830 3846 1894 3913 L,
1934 3847 2039 3901 hac
2077 3850 2167 3901 est
2202 3847 2506 3912 Parisinus,
2546 3861 2632 3898 me
2673 3848 2763 3898 est
2798 3845 3113 3897 Laurentia·

993 3937 1112 3971 nus.
1148 3920 1388 3985 fortasse
1431 3918 1536 3971 hac
1579 3934 1672 3972 res
1712 3916 2022 3988 Optandas.
2163 3929 2204 3969 9.
2244 3917 2340 3971 Sic
2375 3916 2583 3970 homini
2621 3916 2736 3969 DL.
2883 3915 3145 3983 arbitrio¹

995 3988 1250 4057 populari
1272 3988 1698 4041 Riccardianus:
1723 3988 1978 4057 populari
2004 4006 2086 4039 om
2112 3989 2166 4039 D
2190 3990 2360 4055 spatio
2384 3988 2571 4040 relicto
2592 3997 2714 4052 post
2737 3985 2984 4051 arbitr-ic,
3012 4001 3112 4055 po·

996 4058 1175 4127 pulari
1214 4058 1445 4111 arbitrio
1481 4057 1544 4110 L.
1684 4061 1783 4111 tua
1818 4068 1943 4111 ante
1979 4073 2122 4111 cana
2155 4059 2283 4122 DL,
2334 4058 2475 4126 quod
2511 4055 2645 4110 Itali
2681 4057 2968 4109 delendum
3004 4073 3115 4108 ene

993 4129 1260 4182 viderunt.
1385 4139 1448 4179 12.
1485 4132 1725 4198 excepta
1761 4129 1832 4192 D,
1871 4132 2066 4181 exerta
2102 4126 2165 4181 L.
2289 4140 2352 4180 15.
2389 4126 2692 4181 Iocundum
2732 4130 2799 4181 D.
2927 4141 3112 4180 amore

990 4216 1068 4263 pr
1101 4197 1164 4249 L.
1306 4210 1368 4251 16.
1407 4196 1572 4251 Nunc
1618 4200 1691 4250 D.
1833 4210 1895 4252 19.
1933 4196 2244 4268 producere
2294 4198 2496 4251 codices
2532 4197 2708 4252 Statii.
2850 4209 2914 4247 20.
2951 4199 3110 4252 Ater-

998 4283 1122 4320 num
1159 4269 1230 4335 D,
1270 4269 1562 4323 Alternum
1601 4269 2015 4323 Laurentioenua.
2783 4305 2786 4306 ν
