3364 5328
904 566 946 626 4
1543 555 1959 615 GATULLUS
1998 559 2050 622 2,
2099 558 2280 621 1—3,
2326 565 2403 612 15.

1078 752 1319 858 Passer,
1367 786 1610 844 deliciae
1655 801 1820 844 meae
1866 786 2117 860 puellae,

995 887 1044 925 ιε,
1072 873 1321 943 Quicum
1363 872 1589 942 ludere,
1637 888 1812 945 quem
1857 872 1917 930 in
1963 872 2095 930 sinu
2140 877 2361 941 tenere,

1076 959 1228 1028 Quoi
1272 958 1529 1032 primum
1575 958 1819 1032 digitum
1869 958 2011 1014 dare
2058 956 2355 1030 adpetenti

1075 1045 1146 1102 Et
1189 1044 1343 1102 acris
1387 1044 1538 1101 solet
1582 1044 2125 1113 incitare-morsus,

1077 1129 1224 1187 Cum
1272 1128 1565 1187 desiderio
1612 1134 1746 1188 meo
1773 1129 1999 1187 -nitenti

1077 1214 1291 1272 Carum
1337 1214 1537 1273 nescio
1584 1214 1726 1287 quid
1774 1214 1915 1292 libet
1957 1214 2137 1272 iocari

993 1313 1045 1350 20
1072 1302 1143 1358 Et
1185 1299 1531 1358 solaciolum
1580 1300 1671 1374 sui
1720 1300 1961 1369 doloriS‚

1077 1385 1266 1444 Credo
1312 1391 1378 1442 ut
1422 1400 1555 1442 cum
1602 1386 1798 1459 gravis
1844 1385 2179 1456 acquiescet
2223 1386 2430 1457 ardor;

1072 1472 1288 1528 Tecum
1332 1471 1538 1528 ludere
1583 1470 1738 1528 sicut
1781 1472 1908 1544 ipsa
1953 1485 2186 1543 possem

1076 1556 1146 1613 Et
1189 1555 1370 1613 tristis
1416 1555 1594 1614 animi
1638 1557 1836 1614 levare
1883 1554 2088 1614 curas!

983 1720 1049 1760 ⁴2⁵
1076 1712 1219 1768 Tam
1267 1718 1496 1784 gratum
1544 1718 1634 1770 est
1678 1712 1818 1770 mihi
1866 1727 2040 1784 quam
2088 1672 2283 1769 ferunt
2325 1712 2570 1785 puellae

1076 1796 1306 1855 Pernici
1351 1799 1656 1855 aureolum
1706 1798 1885 1856 fuisse
1929 1798 2167 1868 malum,

1071 1882 1244 1951 Quod
1289 1897 1498 1941 zonam
1544 1884 1724 1942 soluit
1770 1883 1868 1942 diu
1917 1883 2171 1958 ligatam.

1079 2066 1330 2179 Lugete‚
1380 2121 1414 2164 o
1458 2105 1716 2164 Veneres
1764 2104 2218 2178 Cupidinesque,

1076 2189 1147 2246 Et
1193 2197 1479 2262 quantum
1526 2198 1615 2247 est
1656 2190 1964 2247 hominum
2010 2189 2435 2247 venustiorum.

994 2285 1046 2323 ³0
1077 2273 1288 2332 Passer
1331 2281 1601 2332 mortuus
1646 2280 1735 2332 cst
1777 2288 1944 2331 meae
1989 2274 2240 2347 puellae,

989 2356 1027 2414 2
1073 2358 1302 2429 Passer,
1354 2356 1597 2417 deliciae
1642 2374 1808 2417 meae
1851 2359 2103 2431 puellae,

1074 2444 1261 2511 Quem
1307 2445 1440 2519 plus
1485 2445 1582 2502 illa
1628 2445 1815 2503 oculis
1859 2444 1982 2501 suis
2028 2444 2292 2502 amabat:

1073 2529 1214 2586 Nam
1260 2530 1517 2588 mellitus
1564 2537 1691 2588 erat
1733 2545 2022 2602 suamque
2068 2536 2240 2587 norat

1070 2605 1200 2689 Ipsa
1245 2622 1364 2674 tam
1408 2616 1561 2674 hene
1609 2631 1785 2689 quam
1833 2615 2030 2689 puella
2076 2622 2341 2685 matrem,

1024 2711 1048 2748 ⁵
1076 2701 1192 2759 Nec
1237 2718 1368 2761 sese
1414 2718 1446 2759 a
1492 2702 1716 2775 gremio
1761 2702 1916 2760 illius
1959 2702 2252 2770 movebat,

1068 2787 1183 2844 Sed
1230 2787 1654 2846 circumsiliens
1701 2789 1878 2846 modo
1923 2787 2040 2844 huc
2084 2787 2262 2843 modo
2309 2787 2447 2846 illuc

1068 2873 1156 2929 Ad
1202 2873 1391 2930 solam
1439 2873 1737 2931 dominam
1783 2888 1972 2945 usque
2016 2871 2314 2945 pipilabat.

1068 2957 1178 3025 Qui
1223 2972 1384 3016 nunc
1427 2958 1470 3016 it
1514 2974 1620 3032 per
1664 2959 1774 3016 iter
1819 2957 2256 3016 tenebricosum

1068 3043 1230 3110 Illuc,
1279 3045 1438 3101 unde
1485 3051 1706 3118 negant
1749 3044 1942 3102 redire
1988 3058 2347 3116 quenquam.

992 3139 1043 3175 10
1068 3127 1141 3185 At
1184 3128 1352 3187 vobis
1397 3129 1551 3188 male
1596 3130 1691 3201 sit,
1739 3130 1929 3187 malae
1973 3129 2254 3206 tenebrae

1069 3212 1221 3284 Orci,
1273 3230 1425 3286 quae
1470 3216 1666 3273 omnia
1713 3216 1868 3274 bella
1914 3214 2238 3273 devoratis:

1064 3298 1204 3356 Tam
1251 3300 1473 3359 bellum
1521 3301 1659 3359 mihi
1705 3315 2006 3374 passerem
2055 3298 2394 3358 abstulistis

1037 3480 1084 3543 1,
1134 3490 1195 3531 14.
1244 3481 1442 3533 Atilius
1482 3480 1901 3535 Fortunatianus
1931 3501 1988 3548 p.
2018 3490 2152 3533 2698
2198 3481 2264 3533 P.
2305 3481 2625 3535 Censorinus
2674 3485 2766 3550 qui
2812 3485 3010 3536 dicitur

885 3566 942 3613 p.
973 3557 1035 3599 97
1080 3547 1285 3602 Iahnii.
1395 3563 1457 3603 16.
1497 3552 1604 3617 Qui
1643 3554 1715 3617 D,
1756 3552 1859 3607 Cui
1895 3553 1961 3608 L.
2071 3567 2137 3606 ac
2174 3552 2389 3622 petenti
2417 3553 2481 3617 L,
2521 3569 2587 3605 ac
2625 3555 2912 3623 appetenti
2941 3554 3009 3606 D.

963 3629 1023 3673 18.
1064 3619 1171 3671 mei
1200 3622 1270 3673 D.
1415 3633 1478 3677 20.
1516 3623 1581 3675 In
1623 3621 1782 3676 Itali:
1816 3625 1926 3677 sed.
1958 3642 2003 3677 v.
2032 3632 2117 3687 20,
2151 3632 2230 3675 17.
2373 3634 2436 3675 21.
2474 3624 2553 3675 uti
2594 3624 2778 3690 gravis
2817 3625 3007 3676 Schra-

890 3689 1067 3742 derus.
1161 3689 1493 3759 acquiescat
1527 3691 1680 3746 Itali.
1774 3707 1837 3747 22.
1877 3695 1954 3747 Et
1988 3697 2170 3747 tecum
2214 3692 2272 3745 L.
2313 3692 2555 3745 luderem
2595 3696 2664 3745 D.
2761 3707 2825 3748 23.
2857 3691 3007 3747 ‘Post

890 3760 987 3812 hoc
1023 3779 1236 3813 carmen
1279 3764 1339 3814 in
1387 3765 1563 3815 codice
1608 3766 1973 3832 antiquissimo
2018 3774 2067 3816 et
2114 3780 2276 3814 manu
2309 3765 2506 3830 scripto
2543 3765 2730 3831 inqens
2770 3768 3006 3831 sequitur

877 3829 1255 3897 fraqmentum‘
1285 3833 1598 3886 Alexander
1629 3838 1919 3887 Guarinus.
1993 3830 2084 3884 ‘In
2120 3850 2168 3884 v.
2198 3851 2241 3885 c.
2266 3836 2501 3901 spatium
2539 3845 2613 3885 est
2649 3837 2735 3888 hic
2774 3837 3003 3903 longum,

884 3910 1004 3964 post
1040 3902 1182 3968 quod
1221 3905 1471 3967 sequitur
1496 3904 1633 3957 'l'am
1673 3907 1888 3972 gratum
1927 3900 2085 3955 mihi’
2125 3902 2393 3957 Pera-eius.
2537 3916 2599 3954 27.
2641 3904 2866 3972 ligatam
2906 3906 3005 3957 DL

888 3980 938 4021 et
972 3970 1289 4024 Priscianus
1321 3990 1379 4040 p.
1409 3983 1505 4025 546
1536 3976 1627 4031 P..·
1666 3979 1926 4043 negatam
1965 3974 2382 4031 Laurentianus.

1027 4058 1080 4121 2,
1116 4070 1154 4109 1.
1193 4076 1274 4109 om
1311 4058 1372 4124 L,
1409 4061 1715 4126 Parisinus,
1755 4060 2177 4114 LaurentianuS.
2284 4073 2323 4114 4.
2361 4062 2547 4131 Ipsam
2585 4064 2655 4113 D.
2763 4075 2803 4116 5.
2841 4077 2904 4114 se
2937 4062 3000 4113 L.

957 4137 994 4181 ⁷.
1032 4127 1286 4197 piplabat.
1322 4132 1386 4182 L.
1510 4143 1549 4182 8.
1589 4133 1799 4200 pariter
1837 4133 1901 4183 L.
2009 4131 2367 4185 tenebrosum
2407 4134 2522 4183 DL.
2650 4144 2688 4181 9.
2727 4132 2868 4184 Illuc
2907 4132 2999 4184 Se-

884 4214 1011 4249 neca
1047 4200 1105 4249 in
1141 4202 1571 4270 apocolocyntooi
1598 4219 1658 4270 p.
1689 4212 1814 4258 856:
1865 4201 2010 4256 Illud
2049 4201 2167 4254 DL.
