3364 5328
968 592 1047 654 32
1583 587 1998 643 emmane
2036 566 2121 653 58,
2167 598 2185 640 1
2221 619 2279 629 -
2304 592 2389 654 61,
2430 600 2477 642 ρ.

1138 759 1326 871 Caeli,
1373 799 1581 856 Lesbia
1627 803 1847 869 nostra,
1897 798 2105 856 Lesbia
2150 800 2267 871 illa,

1138 882 1241 942 Illa
1285 884 1514 954 Lesbia,
1562 899 1738 957 quam
1788 882 2052 942 Catullus
2097 900 2273 943 unam

1139 971 1279 1028 Plus
1327 986 1499 1043 quam
1549 985 1614 1027 se
1659 975 1837 1042 atque
1881 984 2023 1027 suos
2069 971 2284 1029 amavit
2331 983 2555 1041 omneS‚

1137 1057 1303 1113 Nunc
1345 1056 1404 1114 in
1453 1055 1775 1130 quadriviis
1823 1061 1881 1112 et
1924 1056 2248 1131 angiportis

1058 1151 1111 1188 20
1139 1141 1337 1200 Glubit
1381 1140 1791 1215 magnanimos
1835 1141 1998 1199 Remi
2048 1150 2308 1216 nepotes,

1136 1277 1263 1334 Non
1310 1284 1510 1334 custos
1556 1276 1603 1333 si
1653 1276 1841 1349 fingar
1884 1277 1982 1335 ille
2028 1278 2288 1348 Cretum,

1139 1362 1267 1419 Non
1313 1362 1361 1418 si
1410 1361 1668 1435 Pegaseo
1717 1362 1873 1419 ferar
1919 1363 2136 1421 volatu.

1140 1446 1266 1504 Non
1313 1447 1503 1504 Ladas
1550 1461 1660 1520 ego
1707 1446 2051 1520 pinnipesve
2097 1449 2368 1519 Persem,

972 1608 977 1611 Ὗ
1141 1533 1264 1590 Non
1312 1532 1488 1590 Rhesi
1536 1532 1742 1590 niveae
1789 1531 2055 1605 citaeque
2098 1533 2288 1608 bigae.

1061 1629 1112 1667 2⁵
1139 1618 1307 1675 Adde
1352 1618 1469 1675 huc
1514 1616 1884 1691 plumipedes
1930 1618 2335 1692 volatilesque‚
2558 1622 2596 1642 ‘

1142 1705 1584 1777 Ventorumque
1628 1703 1803 1761 simul
1850 1704 2084 1776 require
2116 1719 2373 1763 cursum.

1143 1790 1305 1857 Quos
1349 1789 1602 1861 iunctOS‚
1650 1788 1899 1859 Cameri,
1946 1790 2086 1847 mihi
2134 1790 2379 1864 dicareS,

1143 1876 1417 1934 Defessus
1461 1883 1658 1933 tamen
1707 1875 1983 1934 omnibus
2027 1876 2301 1935 medullis

1142 1961 1212 2018 Et
1257 1961 1455 2019 multis
1497 1962 1842 2036 langoribus
1887 1976 2155 2036 peresus*

1062 2057 1114 2095 ³⁰
1141 2046 1339 2105 Essem
1388 2055 1445 2106 te
1490 2047 1650 2117 mihi,
1699 2048 1904 2119 amice,
1954 2048 2359 2121 quaeritando

1015 2236 1096 2296 29
1143 2197 1548 2295 Bononiensis
1594 2238 1746 2294 Rufa
1793 2237 2074 2295 Rufulum
2121 2238 2302 2308 fellat,

1141 2324 1299 2380 Uxor
1343 2323 1592 2393 Meneni,
1639 2337 1818 2395 saepe
1863 2337 2039 2393 quam
2087 2322 2146 2380 in
2191 2325 2536 2396 sepulcretis

1142 2408 1378 2466 Vidistis
1423 2409 1549 2481 ipso
1597 2422 1805 2480 rapere
1851 2406 1925 2464 de
1970 2422 2114 2481 rogo
2160 2424 2385 2481 cenam,

1145 2493 1291 2551 Cum
1338 2494 1679 2551 devolutum
1727 2509 1796 2550 ex
1844 2492 1980 2566 igne
2024 2508 2391 2566 prosequens
2437 2513 2651 2568 panem

1087 2592 1112 2629 ⁵
1140 2577 1553 2636 Ab‘semiraso
1601 2578 1951 2635 tunderetur
1998 2584 2217 2636 ustore.

1145 2730 1306 2824 Num
1353 2775 1411 2824 te
1455 2767 1659 2824 leaena
1705 2766 2004 2824 montibus
2051 2766 2366 2839 Libystinis

1143 2854 1259 2910 Aut
1301 2852 1497 2926 Scylla
1541 2852 1764 2909 latrans
1809 2851 2007 2910 infima
2054 2851 2360 2925 inguinum
2406 2861 2573 2924 parte

1142 2942 1283 2997 Tam
1331 2945 1526 2996 mente
1572 2937 1721 2995 dura
1768 2938 2098 3010 procreavit
2143 2953 2211 2995 ac
2256 2945 2425 3008 tetra,

1140 3026 1215 3083 Ut
1257 3023 1538 3097 supplicis
1585 3038 1791 3081 vocem
1838 3023 1894 3080 iu
1944 3024 2263 3082 novissimo
2310 3039 2452 3080 casu

1068 3121 1117 3161 10
1144 3110 1553 3183 Contemptam
1600 3110 1851 3167 haberes
1897 3111 1969 3167 ah
2019 3109 2190 3167 nimis
2237 3109 2361 3167 fero
2407 3104 2633 3167 corde?

1146 3261 1332 3359 Gonis
1380 3314 1415 3357 0
1461 3263 1746 3359 Heliconii

1145 3387 1366 3458 Cultor,
1414 3385 1665 3444 Uraniae
1709 3400 1915 3459 genus,

1117 3584 1203 3647 28,
1242 3595 1304 3634 16.
1342 3588 1530 3639 vestra
1555 3584 1620 3634 L.
1729 3595 1792 3633 20.
1831 3598 2030 3652 magna
2068 3582 2412 3636 admiremini
2439 3588 2679 3654 nepotes
2705 3586 2825 3638 DL.
2866 3600 3088 3655 magna-

975 3655 1105 3707 nimi
1155 3656 1383 3706 Vossius.
1542 3666 1605 3704 21.
1644 3655 1781 3721 conf.
1821 3664 1903 3716 27,
1947 3664 2025 3706 19.
2170 3653 2343 3721 fingat
2381 3656 2450 3707 D.
2592 3667 2657 3706 22.
2697 3656 2840 3710 ferat
2876 3659 2945 3708 D.

975 3738 1036 3775 23.
1117 3724 1412 3793 rimipesve
1453 3726 1517 3788 L,
1558 3723 1946 3794 pennipesque
1979 3727 2044 3776 D.
2161 3736 2223 3774 24.
2260 3724 2457 3778 vineae
2487 3726 2550 3776 L.
2660 3738 2734 3776 25:
2762 3727 2869 3780 buc
2908 3745 2986 3778 om
3023 3728 3090 3777 L.

1045 3742 1396 3865 pYumipedas
1440 3796 1504 3845 L.
1612 3806 1675 3844 27.
1718 3802 1953 3849 cunctos
1990 3795 2342 3848 Schrader-as.

1118 3883 1204 3947 29,
1245 3894 1281 3931 1.
1320 3882 1441 3934 rufa
1480 3884 1627 3949 (ruta
1663 3883 1739 3947 D)
1779 3882 1953 3936 rufum
1993 3882 2111 3933 DL.
2271 3881 2427 3934 fellat
2464 3882 2892 3934 Laurentianus.-
2932 3881 3094 3935 fallat

978 3954 1095 4005 DL.
1242 3965 1281 4003 3.
1319 3952 1459 4022 ipsis
1498 3953 1546 4003 L
1582 3952 1740 4004 solus,
1882 3965 1921 4002 5.
1960 3951 2052 4004 Ab
2090 3953 2515 4004 Laurentianus.-
2554 3951 2680 4005 Abs
2720 3953 2784 4016 L,
2824 3950 2877 4004 A
2917 3955 2986 4005 D.

975 4039 1013 4074 6.
1052 4023 1294 4076 libisinis
1332 4026 1401 4088 D,
1442 4021 1699 4093 libysinis
1740 4023 1803 4073 L.
1844 4024 2070 4075 cori-exit
2106 4024 2363 4090 Scaliyer.
2491 4034 2529 4073 7.
2568 4022 2712 4091 sylla
2750 4025 2818 4074 D.
2942 4035 2981 4073 8.
3021 4038 3091 4075 an

977 4098 1126 4147 terra
1152 4096 1220 4145 D.
1327 4105 1365 4143 9.
1404 4092 1697 4164 suppliciis
1726 4095 1794 4144 D.
1902 4105 1963 4143 10.
2005 4093 2335 4146 Contentum
2364 4095 2435 4157 D,
2475 4093 2805 4162 contectam
2846 4094 3090 4145 Lauren-

980 4167 1174 4229 tianus,
1216 4163 1606 4247 Contemptum
1645 4163 1711 4213 L.
1866 4162 1934 4215 ab
1974 4163 2134 4216 nimis
2174 4165 2260 4215 D:
2300 4163 2497 4216 animis
2535 4164 2824 4217 Parisinus
2860 4174 2910 4216 et
2948 4165 3092 4216 Lau-

977 4238 1270 4298 remianns,
1310 4236 1477 4287 animl
1517 4235 1581 4285 L.
1727 4246 1789 4283 11.
1829 4233 2067 4288 elicouei
2108 4233 2227 4285 DL.
