3364 5328
905 631 1319 686 os'ruLLUs
1357 632 1444 695 ee,
1487 640 1545 683 91
1574 630 1747 695 -67,
1788 639 1869 682 24.
2344 632 2442 713 ,63
2524 611 2528 615 ’

498 808 789 882 linguinis
835 813 1134 879 expertem
1181 822 1299 865 uon
1345 807 1476 866 siris
1523 822 1652 865 esse
1697 813 1860 864 tuam
1907 820 2018 871 me,

583 894 697 951 Sed
748 893 944 966 potius
989 892 1168 966 largis
1214 893 1382 952 affice
1426 893 1792 951 muneribus,

414 993 465 1029 25
495 979 699 1037 Sidera
746 978 1078 1036 corruerint
1120 977 1373 1036 utinam!
1422 993 1591 1036 coma
1636 978 1799 1050 regia
1843 976 2010 1033 fiam:

583 1065 893 1123 Proximus
938 1064 1278 1137 Hydrochoi
1323 1064 1573 1138 fulgeret
1621 1062 1860 1122 Oarion.

497 1247 553 1339 0
601 1286 757 1344 dulci
806 1285 1063 1344 iucunda
1109 1285 1255 1355 viro,
1303 1285 1563 1345 iucunda
1608 1286 1856 1358 parenti,

581 1372 998 1444 Salve‚.teque
1044 1371 1202 1428 bona
1249 1371 1507 1444 luppiter
1552 1378 1749 1428 auctet
1792 1386 1922 1444 ope.

492 1457 693 1525 lanua,
742 1471 920 1529 quam
966 1456 1150 1530 Belho
1198 1457 1401 1514 dicunt
1445 1456 1696 1513 servisse
1743 1457 1998 1530 benigne

414 1553 466 1589 ³⁰
582 1543 753 1613 Olim,
804 1557 937 1599 cum
982 1542 1154 1598 sedes
1202 1542 1324 1614 ipse
1370 1557 1549 1599 senex
1597 1541 1804 1613 lenuit,

367 1624 447 1684 60
496 1629 807 1699 Quamque
852 1626 1049 1684 ferunt
1092 1642 1299 1685 rursus
1345 1634 1482 1685 voto
1528 1628 1782 1684 servisse
1828 1628 2109 1700 mengum,

581 1713 901 1785 Postquam
948 1727 1011 1770 cs
1056 1719 1329 1786 porrecto
1378 1706 1531 1769 sacta
1577 1713 1785 1770 marita
1832 1729 1992 1781 sene,

497 1800 599 1857 Dic
642 1800 895 1871 agedum
941 1799 1132 1868 nobis
1180 1815 1363 1871 quare
1407 1804 1633 1854 mutata
1678 1797 1884 1855 feraris

581 1885 642 1941 ln
691 1884 995 1941 dominum
1044 1891 1297 1941 veterem
1348 1884 1681 1940 deseruisse
1728 1883 1921 1940 fidem.

439 1958 639 2026 ⁵‘Non
688 1968 793 2043 (ita
840 1968 1092 2026 Caecilio
1140 1969 1418 2040 placeam,
1468 1968 1560 2026 cui
1607 1968 1818 2024 tradita
1860 1982 2018 2025 nuuc
2063 1971 2221 2039 sum)

582 2054 764 2127 Culpa
812 2069 944 2112 mea
993 2062 1098 2123 est,
1148 2069 1504 2126 quamquam
1554 2053 1767 2109 dicitur
1813 2069 1942 2109 esse
1989 2070 2139 2120 mea,

495 2142 609 2198 Nec
657 2147 959 2212 peccalum
1007 2155 1039 2197 a
1085 2155 1177 2196 me
1225 2140 1533 2212 quisquam
1581 2145 1720 2211 pote
1768 2139 1961 2196 dicere
2007 2141 2354 2212 quiequam·

579 2227 794 2283 Verum
842 2225 935 2282 isti
982 2226 1183 2300 populi
1231 2225 1404 2283 ianua
1456 2224 1554 2297 qui
1601 2230 1658 2281 te
1706 2224 1861 2293 facil,

495 2312 625 2381 Qui,
674 2326 1029 2384 quacunque
1075 2310 1294 2383 aliquid
1342 2311 1631 2382 reperitur
1676 2325 1796 2367 non
1846 2312 1993 2367 bene
2043 2311 2278 2379 factum,

416 2412 467 2448 10
579 2398 664 2455 Ad
713 2412 806 2454 me
852 2411 1057 2454 omnes
1104 2388 1412 2454 clamant‘
1424 2397 1619 2467 ianua,
1668 2396 1842 2468 culpa
1892 2397 2009 2454 tua'
2014 2385 2127 2454 st.''

494 2481 618 2540 Non
666 2483 817 2541 istuc
861 2483 1003 2540 satis
1049 2488 1137 2539 est
1183 2496 1302 2539 uno
1350 2490 1405 2541 te
1453 2482 1647 2539 dicere
1694 2482 1897 2553 verb0,

580 2568 696 2626 Sed
742 2568 938 2626 facere
984 2574 1049 2626 ut
1093 2567 1282 2639 quivis
1329 2567 1541 2626 sentiat
1586 2574 1642 2624 et
1688 2567 1909 2626 videat.

486 2642 623 2722 ‘Qui
675 2650 960 2727 possum?
1006 2668 1181 2713 nemo
1229 2655 1457 2727 quaerit
1502 2669 1613 2711 nec
1657 2652 1809 2712 seire
1858 2643 2124 2713 laborat.²

581 2741 696 2798 Nos
744 2742 1044 2799 volumus:
1093 2740 1266 2798 nobis
1312 2741 1506 2799 dicere
1552 2756 1627 2797 ne
1673 2740 1895 2798 dubita.

412 2816 771 2883 15‘Primum
821 2828 1013 2900 igitur,⁴
1059 2827 1223 2899 virgo
1271 2828 1430 2898 quod
1477 2824 1664 2882 fertur
1708 2826 1921 2883 tradita
1968 2827 2158 2896 uobiS‚

574 2913 806 2969 Falsum
854 2919 958 2968 est.
1020 2926 1141 2968 non
1186 2911 1346 2968 illam
1394 2912 1481 2966 vir
1525 2910 1688 2982 prior
1733 2911 2006 2983 attigerit,

493 2996 854 3069 Languidior
896 3003 1102 3052 tenera
1150 2994 1242 3051 cui
1292 2995 1555 3067 pendens
1601 2994 1790 3050 sicula
1834 2995 1971 3050 beta

577 3080 887 3149 Nunquam
934 3093 998 3134 se
1043 3079 1295 3134 mediam
1342 3077 1579 3135 sustulit
1623 3078 1698 3133 ad
1743 3079 2034 3135 tunicam:

495 3163 610 3218 Sed
659 3169 825 3234 pater
870 3162 1025 3219 illius
1071 3163 1265 3234 gnatei
1313 3163 1563 3220 violasse
1610 3162 1806 3220 cubile

411 3258 465 3294 2⁰
578 3246 798 3304 Dicitur
843 3254 900 3305 et
941 3248 1216 3305 miseram
1265 3247 1703 3307 conscelerasse
1749 3249 2010 3320 domum,

461 3443 546 3507 59,
584 3456 646 3496 23.
687 3444 966 3511 Vnguinis
994 3445 1286 3499 Bentleius:
1326 3447 1626 3515 Sanguinis
1653 3449 1770 3500 DL.
1913 3447 2113 3502 siveris
2153 3463 2284 3502 esse
2310 3449 2439 3500 Sca-

324 3512 482 3580 liyer:
520 3514 724 3567 vestris
751 3530 880 3567 esse
909 3516 1029 3579 DL,
1067 3531 1233 3568 vesse
1260 3518 1672 3572 Laurentianus.
1784 3523 1931 3572 tuam
1960 3521 2245 3571 Avantizns
2287 3524 2439 3572 tuum

319 3584 440 3634 DL.
568 3597 630 3634 24.
672 3584 831 3638 effice
860 3585 979 3636 DL.
1110 3598 1172 3637 25.
1212 3585 1412 3641 Sidera
1449 3604 1546 3641 cur
1573 3590 1777 3643 iterent
1800 3595 1862 3643 ut
1886 3591 2007 3654 DL,
2046 3590 2185 3659 quod
2211 3594 2438 3643 correoei.

388 3666 451 3703 26.
490 3653 779 3709 idrocoi—
796 3655 1035 3724 fulgeret
1072 3671 1105 3709 o
1144 3657 1298 3710 arion
1337 3660 1404 3710 D.

461 3743 545 3806 60,
583 3755 621 3795 2.
662 3749 750 3796 est
777 3744 897 3795 DL
1007 3744 1201 3797 marite
1228 3746 1292 3795 L.
1435 3758 1474 3796 3.
1513 3745 1750 3814 agedum
1790 3744 1951 3801 Itali.-
1991 3764 2095 3817 age
2135 3748 2204 3801 de
2233 3749 2352 3799 DL.

319 3810 480 3865 vobis
519 3814 588 3863 D.
740 3825 779 3865 4.
818 3830 1077 3867 venerem
1114 3816 1184 3866 D.
1335 3829 1375 3869 5.
1413 3816 1654 3885 plateam
1694 3818 2114 3872 Laurentianus.
2277 3833 2316 3868 8
2357 3837 2434 3870 om

318 3882 720 3936 Laurentianus
752 3886 830 3950 pl.
860 3894 943 3948 36,
985 3894 1048 3935 23
1091 3886 1224 3937 liber
1259 3904 1361 3937 non
1393 3888 1570 3938 bonus.
1716 3888 1828 3940 isto
1867 3888 2172 3952 Parisinus,
2212 3890 2339 3941 istis
2369 3890 2436 3940 I).

303 3956 546 4019 sortasse
576 3954 782 4008 Verum
822 3954 972 4007 istud
1011 3955 1200 4025 populi
1229 3954 1432 4018 fabula,
1474 3957 1697 4022 Quinte,
1736 3957 1888 4010 facit
1927 3963 2003 4012 εἰσ
2027 3963 2152 4028 fere
2177 3960 2435 4027 Scaliyer.

387 4034 447 4077 10.
487 4027 584 4076 tua
623 4031 711 4078 est
749 4025 888 4077 libri.
1033 4037 1094 4076 13.
1136 4026 1241 4092 Qui
1284 4028 1598 4079 Minturnas
1637 4040 1686 4079 et
1724 4030 1998 4082 Perreius:
2038 4029 2183 4096 Quid
2222 4031 2341 4080 DL.

315 4094 529 4160 possim
559 4095 627 4145 D.
758 4107 819 4145 14.
860 4095 1022 4149 nobis
1052 4095 1317 4150 Muretus.-
1357 4096 1518 4150 vobis
1549 4099 1667 4177 DL.
1811 4112 1871 4149 10.
1911 4116 2017 4152 non
2057 4101 2150 4168 qui
2177 4100 2433 4168 Βοαιόρεν,

317 4211 551 4265 namque
584 4197 733 4252 Itali.
842 4200 1109 4266 attigerat
1132 4201 1422 4254 Parisinus
1459 4212 1505 4251 et
1538 4219 1606 4266 pr
1632 4203 2039 4256 Riccardianus.
2158 4213 2217 4251 ιτ.
2256 4174 2436 4258 sicula

313 4266 377 4317 L.
523 4281 582 4319 18.
623 4269 714 4336 ad]
754 4269 896 4323 hauc
936 4270 1056 4321 DL.
1200 4284 1262 4321 19.
1300 4274 1468 4339 gnate
1509 4274 1578 4336 D,
1617 4273 1772 4340 gnati
1811 4274 1877 4326 L.
2322 4266 2331 4276 ’
