3364 5328
855 614 1271 670 OATULLUS
1309 617 1394 678 55,
1439 625 1497 667 12
1525 616 1693 679 -57,
1740 624 1819 667 ιο.
2307 617 2381 678 31

429 785 540 854 ‘En
586 794 691 853 hic
736 795 795 852 in
841 793 1026 851 roseis
1071 793 1211 850 latet
1255 780 1525 864 papillis?

431 882 547 940 Sed
595 888 660 939 te
704 881 820 938 iam
866 881 1021 937 ferre
1066 877 1335 936 Herculei
1380 876 1550 934 labos
1595 886 1703 937 est.

353 969 612 1025 20Tanto
666 973 724 1024 te
770 965 828 1022 in
877 965 1031 1022 fastu
1079 978 1280 1037 negaS,
1330 957 1557 1043 amice?

435 1054 535 1111 Dic
578 1051 761 1110 nobis
808 1049 910 1109 ubi
953 1049 1036 1107 sis
1079 1049 1335 1118 futurus,
1384 1049 1494 1106 ede

436 1139 757 1207 Audacter,
804 1135 1123 1207 committe,
1174 1135 1349 1193 crede
1392 1133 1563 1192 lucei.

435 1224 581 1282 Num
633 1230 693 1281 te
735 1220 1025 1280 lacteolae
1069 1227 1273 1279 tenent
1317 1215 1595 1292 puellae?

437 1311 495 1367 Si
536 1311 807 1382 linguam
854 1308 1056 1365 clauso
1101 1314 1268 1364 tenes
1312 1306 1371 1363 in
1419 1320 1541 1377 ore,

360 1408 408 1446 25
434 1396 684 1453 Fructus
730 1393 1002 1467 proiicies
1049 1392 1266 1450 amoris
1311 1406 1547 1449 omnes:

438 1482 699 1539 verbosa
744 1479 963 1552 gaudet
1008 1479 1207 1536 Venus
1251 1477 1529 1548 loquella.

439 1567 540 1624 Vel
586 1566 636 1623 si
683 1565 791 1635 viS,
841 1564 978 1622 licet
1023 1564 1266 1622 obseres
1312 1562 1597 1637 palatum,

440 1652 586 1709 Dum
632 1650 813 1710 vostri
861 1649 971 1708 sim
1018 1649 1315 1724 particeps
1362 1648 1597 1705 amoris,

443 1814 499 1907 0
546 1871 668 1914 rem
716 1854 1045 1924 ridiculam,
1094 1852 1258 1926 Cato,
1307 1860 1364 1911 et
1409 1853 1667 1911 iocosam

371 1938 805 2014 3⁰Dignamque
851 1939 1094 1997 auribus
1141 1947 1199 1997 et
1242 1946 1344 1995 tuo
1395 1940 1703 1996 cachinno.

327 2018 406 2079 28
450 2026 612 2097 Ride,
659 2027 936 2098 quicquid
983 2041 1164 2096 amaS,
1215 2024 1378 2095 Cato,
1430 2023 1755 2082 Catullum:

455 2112 566 2169 Res
610 2118 700 2169 est
740 2111 982 2169 ridicula
1028 2118 1085 2169 ct
1129 2109 1301 2169 nimis
1347 2111 1563 2167 iocosa.

458 2197 736 2271 Deprendi
783 2198 957 2255 modo
1002 2196 1290 2271 pupulum
1338 2196 1571 2269 puellae

449 2282 814 2341 Trusantem:
862 2284 1022 2341 hunc
1068 2297 1198 2356 eg0,
1246 2282 1295 2340 si
1339 2280 1533 2355 placet
1580 2279 1821 2350 Dionae,

393 2375 416 2413 ⁵
444 2367 672 2427 Protelo
716 2368 903 2443 rigida
949 2383 1081 2427 mea
1128 2367 1328 2427 cecidi.

435 2532 698 2632 Pulchre
741 2573 1017 2632 convenit
1058 2572 1339 2646 improbis
1387 2571 1666 2641 cinaediS,

439 2659 765 2718 Mamurrae
811 2659 1168 2733 pathicoque
1213 2657 1585 2731 Caesarique.

434 2746 548 2803 Nec
590 2746 835 2802 mirum:
883 2747 1150 2803 maculae
1195 2754 1368 2817 pares
1416 2745 1699 2816 utrisque,

447 2832 683 2890 Urbana
730 2832 909 2889 altera
957 2838 1017 2888 et
1058 2831 1156 2888 illa
1202 2830 1531 2899 Formiana,

375 2929 422 2965 10
445 2919 768 2991 Impressae
812 2917 1076 2975 resident
1122 2930 1232 2973 nec
1277 2917 1581 2974 eluantur:

442 3003 697 3061 Morbosi
743 3003 979 3077 pariter,
1027 3001 1259 3074 gemelli
1307 3003 1558 3075 utrique,

442 3090 567 3147 Uno
615 3089 672 3146 in
722 3088 939 3146 lectulo
987 3086 1264 3145 erudituli
1311 3087 1505 3154 ambo,

365 3191 369 3195 ·
438 3174 562 3232 Non
610 3174 716 3232 hic·
750 3189 926 3247 quam
973 3174 1069 3231 ille
1113 3172 1300 3245 magis
1347 3188 1528 3231 vorax
1575 3171 1825 3242 adulter,

438 3259 687 3331 RivaleS,
733 3260 876 3317 socii
923 3258 1341 3332 puellularum.

366 3356 411 3394 1⁵
439 3345 693 3403 Pulchre
738 3345 1015 3403 convenit
1058 3345 1343 3418 improbis
1391 3344 1669 3403 cinaedis,

402 3530 489 3593 27,
526 3540 590 3580 18.
632 3528 716 3580 En
763 3527 1191 3581 Laurentianus:
1227 3527 1375 3580 Hem
1414 3528 1484 3591 D,
1526 3526 1600 3579 Et
1637 3528 1704 3578 L.
1836 3526 1977 3580 haec
2012 3528 2081 3577 L.
2215 3527 2270 3579 in
2307 3527 2387 3580 vi-

272 3599 406 3652 rosis
446 3601 517 3650 D.
624 3610 687 3647 19.
726 3597 887 3652 labor
924 3600 991 3649 D.
1065 3599 1196 3651 Post
1251 3600 1391 3650 hunc
1441 3600 1617 3649 decem
1652 3615 1835 3651 versus
1874 3598 2209 3650 collocandos
2237 3608 2387 3663 puto,

272 3673 357 3735 qui
393 3672 453 3722 in
478 3671 594 3736 fine
628 3670 904 3737 proco-imae
935 3671 1169 3738 paqinae
1217 3668 1462 3734 leguntur
1501 3677 1584 3731 28,
1625 3678 1852 3719 21-30,
1971 3680 2035 3720 20.
2073 3672 2168 3720 ten
2211 3668 2389 3720 λίκνο-

270 3751 364 3792 tus.
475 3739 658 3792 fausta
696 3757 878 3807 margo
907 3740 974 3790 L.
1082 3751 1147 3789 22.
1186 3737 1292 3790 hoc
1318 3738 1603 3790 committe
1629 3739 1752 3789 DL.
1804 3738 1911 3790 boc
1950 3739 2185 3791 comiter
2220 3737 2388 3791 crude

271 3809 684 3862 Laurentianus,
847 3808 999 3863 lucet
1036 3812 1106 3873 D,
1153 3807 1289 3862 licet
1326 3809 1389 3859 L.
1428 3810 1657 3859 correxit
1694 3809 1959 3877 Scaliqer.
2120 3821 2184 3859 23.
2223 3807 2387 3860 Nunc

268 3881 379 3931 DL.
502 3890 564 3929 24.
603 3883 804 3931 tenens
843 3881 898 3930 D
934 3882 1093 3932 solue.
1216 3890 1278 3931 25.
1319 3877 1551 3931 Fluctus
1585 3878 1635 3928 L
1674 3881 1836 3931 solue.
1953 3891 2015 3930 26.
2055 3878 2280 3947 loquela
2316 3879 2385 3928 D.

331 3963 392 4003 28.
434 3949 610 4001 nostri
651 3948 731 4001 sis
758 3948 894 4000 DL.

403 4038 491 4100 28,
530 4048 570 4085 3.
598 4035 952 4101 Deprehendi
982 4037 1146 4090 modo
1173 4035 1437 4104 populum
1460 4036 1579 4088 DL.
1661 4049 1700 4087 4.
1729 4035 2083 4088 'I'rusantemz
2113 4047 2218 4100 ego
2246 4031 2388 4085 bunc

264 4107 330 4156 D.
422 4157 425 4158 ⁷
473 4119 512 4155 5.
554 4105 737 4173 rigido
778 4121 899 4158 meo
937 4110 993 4159 D
1029 4109 1196 4161 solus.
1338 4118 1376 4156 7.
1415 4105 1691 4162 Murmure
1730 4106 1921 4175 patico
1959 4108 2052 4157 D..
2155 4115 2194 4156 8.
2273 4103 2386 4157 aris

265 4177 381 4229 DL.
502 4176 749 4245 virisque
782 4195 855 4243 pr
898 4179 962 4229 L.
1090 4190 1151 4228 10.
1190 4191 1329 4229 nece
1366 4175 1586 4231 luentur
1622 4178 1742 4230 DL.
1868 4188 1929 4226 11.
1967 4173 2163 4227 tenelli
2262 4193 2387 4240 aup-

264 4248 381 4299 tiue.
416 4305 422 4312 ,
528 4257 592 4296 14.
631 4246 771 4299 socii
811 4253 871 4299 et
914 4249 1044 4318 DL:
1082 4249 1309 4301 correxit
1350 4247 1612 4303 Muretus.
1759 4259 1820 4297 15.
1863 4245 2063 4300 Pulcre
2102 4246 2172 4296 D.

392 4509 436 4529 N
