3364 5328
985 637 1064 697 52
1594 632 2000 687 CATULLUS
2041 633 2125 697 64,
2172 639 2264 684 197
2287 640 2484 684 —228.

1156 810 1349 882 Cogor
1392 807 1580 880 inops,
1629 809 1865 880 ardenS,
1914 810 2130 867 amenti
2166 823 2350 866 caeca
2397 808 2613 865 furore.

1072 906 1123 945 2⁵
1153 896 1316 964 Quae
1362 893 1637 966 quoniam
1687 910 1861 952 verae
1908 904 2233 953 nascuntur
2278 900 2515 967 pectore
2562 892 2635 949 ab
2681 893 2819 963 imo,

1155 982 1271 1037 Vos
1316 979 1496 1037 nolite
1542 980 1659 1051 pati
1707 987 1972 1038 nostrum
2021 996 2338 1039 vanescere
2381 981 2626 1048 luctum,

1155 1067 1268 1124 Sed
1317 1065 1474 1136 quali
1520 1065 1708 1121 solam
1754 1066 2015 1123 Theseus
2060 1082 2154 1124 me
2200 1072 2394 1123 mente
2442 1064 2691 1135 reliquit,

1154 1152 1276 1208 Tali
1321 1157 1536 1220 niente,
1584 1151 1749 1221 deae,
1797 1151 2052 1209 funestet
2097 1167 2280 1224 seque
2325 1137 2622 1222 suosque.³

1153 1236 1267 1293 Has
1313 1241 1627 1308 postquam
1673 1243 1898 1293 maesto
1944 1237 2207 1309 profudit
2249 1242 2488 1309 pectore
2534 1250 2729 1304 voces,

1070 1333 1123 1371 ³0
1149 1321 1511 1394 Supplicium
1556 1321 1749 1378 saevis
1794 1336 2119 1394 exposcens
2165 1322 2334 1378 anxia
2382 1321 2567 1389 sactis,

1025 1405 1106 1465 49
1155 1406 1375 1464 Annuit
1418 1406 1635 1463 invicto
1684 1407 1999 1464 caelestum
2049 1408 2288 1465 numine
2333 1415 2544 1477 rector,

1153 1492 1282 1560 Quo
1328 1498 1469 1548 tunc
1515 1498 1572 1548 et
1616 1492 1790 1549 tellus
1836 1499 2012 1564 atque
2058 1493 2298 1549 horrida
2345 1498 2830 1549 contremuerunt

1153 1580 1441 1649 Aequora,
1490 1578 1906 1649 concussitque
1949 1577 2222 1634 micantia
2264 1577 2459 1635 sidera
2503 1578 2778 1634 mundnS.

1155 1665 1284 1736 lpse
1331 1669 1525 1719 autem
1573 1676 1750 1719 caeca
1794 1670 2048 1721 mentem
2098 1662 2346 1736 caligine
2392 1664 2653 1720 Theseus

1104 1761 1127 1798 ⁵
1154 1748 1426 1806 Consitus
1473 1747 1655 1805 oblito
1705 1748 1921 1806 dimisit
1968 1754 2203 1822 pectore
2248 1756 2478 1818 cuncta,

1155 1834 1318 1902 Quae
1361 1826 1640 1890 mandata
1685 1835 1846 1906 prius
1892 1834 2181 1892 constanti
2227 1841 2424 1891 mente
2467 1832 2724 1901 tenebat,

1157 1918 1357 1977 Dulcia
1403 1934 1512 1976 nec
1556 1926 1780 1976 maesto
1825 1919 2143 1977 sustollens
2188 1919 2357 1992 signa
2403 1919 2628 1992 parenti

1153 2005 1440 2076 Sospitem
1490 2005 1881 2063 Erechtheum
1928 2021 1992 2063 se
2038 2005 2296 2063 ostendit
2341 2005 2529 2063 visere
2575 2011 2828 2077 portum.

1152 2090 1413 2161 Namque
1458 2089 1655 2148 ferunt
1700 2092 1859 2162 olim,
1905 2091 2077 2149 classi
2125 2106 2259 2147 enm
2304 2091 2539 2149 moenia
2584 2091 2753 2149 divae

1074 2176 1533 2247 10Linquentem
1582 2184 1824 2248 gnatum
1870 2177 2060 2235 ventis
2102 2176 2484 2234 concrederet
2530 2177 2778 2250 Aegeus,

1152 2262 1311 2318 Talia
1357 2261 1727 2333 complexum
1774 2261 1968 2317 iuveni
2014 2262 2291 2318 mandata
2339 2262 2589 2319 dedisse.

1142 2335 1359 2404 ‘Gnate
1403 2345 1542 2403 mihi
1590 2345 1769 2418 longa
1811 2346 2122 2403 iocundior
2167 2346 2339 2403 unice
2386 2348 2522 2416 vita,

1153 2432 1357 2496 Gnate,
1406 2445 1515 2504 ego
1562 2445 1737 2502 quem
1782 2432 1841 2488 in
1889 2431 2100 2488 dubios
2147 2446 2329 2505 cogor
2375 2433 2664 2490 dimittere
2711 2446 2901 2499 casus,

1150 2518 1398 2575 Reddite
1443 2517 1500 2574 in
1549 2523 1808 2574 extrema
1854 2532 2043 2589 nuper
2085 2517 2231 2575 mihi
2271 2518 2387 2575 fine
2430 2525 2721 2585 senectae,

1070 2615 1119 2654 1⁵
1148 2601 1637 2674 Quandoquidem
1685 2602 1923 2659 fortuna
1968 2616 2099 2659 mea
2144 2617 2213 2658 ac
2258 2610 2358 2660 tua
2404 2602 2626 2660 fervida
2674 2603 2859 2659 virtus

1152 2688 1332 2760 Eripit
1376 2688 1559 2746 invito
1605 2688 1748 2744 mihi
1794 2695 1870 2757 te,
1919 2687 2012 2744 cui
2057 2688 2336 2760 languida
2382 2690 2645 2745 nondum

1149 2774 1394 2831 Lumina
1437 2780 1576 2831 sunt
1618 2773 1781 2846 gnati
1824 2787 1959 2829 cara
2003 2778 2263 2829 saturata
2309 2771 2514 2844 figura,

1134 2859 1274 2916 ‘Non
1323 2872 1432 2931 ego
1477 2865 1534 2915 te
1579 2859 1846 2931 gaudens
1889 2857 2127 2916 laetanti
2174 2863 2412 2929 pectore
2456 2856 2698 2923 mittam,

1150 2944 1264 3001 Nec
1310 2950 1366 3000 te
1409 2944 1562 3001 ferre
1605 2944 1793 3001 sinam
1843 2943 2113 3001 fortunae
2158 2943 2328 3015 signa
2371 2942 2687 3009 secundae,

1069 3042 1123 3080 πυ
1149 3029 1264 3086 Sed
1310 3029 1561 3102 primum
1607 3019 1822 3086 multas
1868 3043 2208 3103 expromam
2255 3035 2452 3086 mente
2499 3025 2787 3099 querelas,

1151 3113 1433 3172 Canitiem
1479 3123 1632 3172 terra
1681 3121 1857 3188 atque
1904 3115 2096 3173 infuso
2143 3114 2383 3187 pulvere
2429 3113 2693 3186 foedans,

1149 3201 1290 3256 lnde
1340 3200 1552 3257 infecta
1598 3215 1749 3274 vago
1796 3201 2154 3273 suspendam
2202 3200 2380 3257 lintea
2426 3198 2603 3270 malo,

1149 3285 1391 3343 Nostros
1434 3292 1499 3343 ut
1545 3286 1740 3343 luctus
1786 3293 2142 3357 nostraeque
2186 3284 2460 3342 incendia
2506 3284 2716 3341 mentis

1150 3371 1444 3428 Carbasus
1490 3371 1805 3428 obscurata
1853 3372 2020 3428 decet
2065 3370 2363 3444 ferrugine
2409 3369 2640 3427 Hibera.

1064 3467 1116 3505 25
1144 3457 1314 3525 Quod
1360 3456 1463 3513 tibi
1509 3457 1555 3513 si
1601 3456 1788 3514 sancti
1836 3454 2193 3514 concesserit
2235 3454 2430 3513 incola
2475 3455 2642 3525 Itoni,

1098 3570 1201 3686 ⁶48,
1238 3633 1300 3674 27.
1340 3623 1520 3691 qualis
1560 3622 1682 3676 sola
1720 3622 1837 3676 DL.
1982 3634 2042 3672 28.
2083 3621 2302 3675 funeste
2342 3622 2409 3673 D.
2553 3634 2616 3672 30.
2656 3623 2815 3675 anaia
2851 3624 2921 3675 D.

1115 3708 1201 3768 49,
1239 3721 1277 3761 1.
1316 3707 1490 3763 invito
1530 3709 1605 3773 L,
1644 3712 1700 3763 in
1747 3714 1879 3764 voto
1918 3711 1988 3765 D.
2129 3722 2167 3761 2.
2207 3714 2265 3762 et
2311 3728 2392 3760 om
2431 3710 2719 3764 Parisinus.
2797 3710 3088 3777 Quomodo

978 3794 1121 3832 nunc
1146 3779 1312 3831 tellus
1339 3779 1400 3832 L.
1507 3787 1890 3834 conti-umuere
1920 3781 1986 3833 D.
2131 3791 2169 3831 4.
2209 3782 2391 3832 mente
2419 3781 2487 3843 D,
2526 3781 2730 3833 mentis
2757 3781 2822 3835 L.
2860 3786 3089 3834 correxit

975 3850 1190 3901 Statius.
1336 3863 1375 3902 8.
1415 3857 1658 3904 erectum
1700 3851 2089 3903 Laurentianus
2127 3858 2175 3902 et
2213 3851 2628 3914 Riecardianue,
2679 3855 2927 3921 ereptum
2964 3851 3087 3907 DL.

976 3922 1202 3972 correaeit
1238 3918 1466 3974 Vossius.
1588 3935 1624 3975 9.
1665 3922 1905 3975 classem
1934 3921 1994 3972 L.
2033 3925 2225 3973 castae
2264 3932 2508 3988 excerpta
2537 3922 2826 3973 Mintur-ni.
2935 3937 3084 3974 moe-

978 3990 1101 4042 nieo
1128 3990 1190 4053 L,
1230 3992 1483 4045 meonieo
1511 3995 1581 4045 D.
1689 4005 1737 4042 10
1790 4007 1910 4044 cum
1953 3990 2209 4042 crederet
2233 3989 2354 4042 DL.
2464 4004 2523 4046 ιι,
2564 3991 2910 4060 complexum
2941 3991 3085 4043 Lau-

973 4062 1281 4112 rentianus.-
1328 4063 1621 4132 complexo
1662 4064 1781 4116 DL.
1943 4073 2002 4111 13.
2041 4060 2284 4113 indibius
2321 4063 2391 4116 D.
2554 4074 2613 4116 16.
2652 4062 2802 4130 mihi]
2843 4062 2976 4114 nihil
3018 4063 3087 4117 D.

1042 4143 1104 4181 24.
1134 4129 1430 4185 obscurata
1456 4133 1606 4187 dicet
1631 4134 1692 4197 L,
1721 4132 2022 4186 obscurata
2048 4130 2220 4199 duget
2244 4130 2419 4198 (diget
2443 4133 2859 4198 Riccardianus)
2889 4135 2956 4195 D,
2988 4132 3086 4184 ob-

971 4217 1140 4325 ἔξηνε.
1175 4200 1326 4323 {cet
1364 4203 1778 4257 Laurentianus.
1856 4205 2062 4254 correxi
2100 4203 2164 4253 (Ie
2203 4204 2519 4256 coniectura.
2689 4214 2749 4257 25.
2793 4203 2982 4255 ithomi
3025 4202 3088 4265 L,

1035 4285 1145 4324 oml
1244 4313 1254 4324 .
