3364 5328
963 608 1380 672 oA'rULLos
1418 614 1503 682 ee,
1544 622 1753 671 6-39.
2329 616 2411 683 65

392 806 447 846 20
556 791 864 853 Desertum
909 794 968 853 in
1013 795 1165 853 lecto
1212 793 1434 853 caelibe
1479 794 1821 869 perpetitur,

474 879 592 938 Nec
634 886 900 939 veterum
945 880 1103 939 dulci
1148 881 1503 955 scriptorum
1548 881 1807 939 carmine
1850 880 2051 939 Musae

565 965 892 1039 Oblectant,
939 982 1073 1025 cum
1115 980 1286 1024 mens
1332 965 1505 1023 anxia
1548 966 1876 1040 pervigilat,

477 1051 542 1108 ld
586 1058 819 1126 gratum
865 1060 955 1110 est
996 1051 1159 1120 mihi,
1205 1066 1301 1110 me
1346 1051 1625 1124 quoniam
1668 1050 1773 1110 tibi
1820 1051 1965 1109 dicis
2010 1051 2280 1123 amicum,

562 1136 923 1210 Muneraque
968 1145 1027 1196 et
1068 1137 1366 1195 Musarum
1411 1136 1549 1195 hinc
1592 1136 1741 1209 petis
1784 1145 1843 1195 et
1886 1137 2160 1195 Veneris:

400 1229 452 1271 2⁵
484 1221 599 1279 Sed
643 1223 747 1280 tibi
792 1238 868 1281 ne
910 1238 1042 1281 mea
1086 1223 1204 1280 sint
1246 1223 1447 1297 ignota
1489 1222 1884 1296 incommoda,
1930 1222 2103 1292 Mani,

564 1308 689 1366 Neu
732 1324 827 1366 me
872 1308 1068 1367 odisse
1112 1315 1283 1382 putes
1329 1308 1575 1382 hospitis
1620 1308 1901 1378 officium,

482 1393 714 1468 Accipe,
762 1394 893 1467 quis
936 1409 1159 1453 merser
1203 1395 1474 1452 fortunae
1516 1393 1793 1453 fluctibus
1836 1395 1981 1467 ipse,

564 1480 647 1538 Ne
693 1480 942 1554 amplius
988 1496 1023 1537 a
1068 1481 1283 1538 misero
1330 1481 1487 1537 dona
1530 1479 1705 1538 beata
1748 1487 1936 1553 petaS.

480 1565 768 1640 Tempore
814 1581 932 1638 quo
977 1566 1232 1640 primum
1278 1565 1455 1624 vestis
1500 1565 1639 1623 mihi
1687 1566 1897 1623 tradita
1944 1582 2092 1639 pura
2137 1572 2242 1636 est,

398 1658 452 1698 ³⁰
562 1651 890 1709 Iucundum
936 1667 1069 1710 cum
1116 1658 1275 1709 aetas
1320 1650 1530 1708 florida
1573 1666 1677 1708 ver
1723 1659 1940 1724 ageret,

356 1731 437 1791 62
481 1736 659 1795 Multa
705 1737 846 1795 satis
888 1737 1033 1795 lusi:
1081 1751 1201 1795 non
1248 1743 1337 1795 est
1382 1737 1491 1793 dea
1535 1737 1736 1793 nescia
1781 1737 1985 1807 nostri,

569 1823 733 1891 Quae
779 1821 1014 1880 dulcem
1059 1823 1213 1880 curis
1256 1822 1465 1880 miscet
1508 1821 1863 1880 amaritiem:

484 1908 603 1966 Sed
644 1914 834 1966 totum
879 1909 995 1966 hoc
1039 1907 1297 1966 studium
1345 1908 1507 1966 luctu
1551 1907 1811 1965 fraterna
1856 1908 1997 1975 mihi
2041 1925 2201 1967 mors

571 1992 844 2051 Abstulit.
914 2008 948 2049 o
993 1993 1208 2051 misero
1256 1993 1435 2049 frater
1477 1993 1750 2065 adempte
1796 1993 1958 2064 mihi,

436 2088 460 2127 ⁵
487 2080 574 2136 Tu
620 2094 751 2138 mea
797 2086 861 2136 tu
906 2078 1166 2136 moriens
1211 2077 1432 2152 fregisti
1477 2079 1807 2147 commoda,
1855 2078 2051 2152 frater,

576 2166 795 2223 Tecum
840 2179 959 2222 una
1004 2171 1126 2222 tota
1172 2170 1261 2222 est
1303 2170 1508 2222 nostra
1551 2164 1782 2237 sepulta
1829 2165 2059 2238 domuS,

491 2251 700 2310 Omnia
745 2257 937 2309 tecum
986 2266 1104 2309 una
1147 2249 1451 2324 perierunt
1494 2251 1711 2324 gaudia
1756 2257 1977 2321 nostra,

574 2337 738 2406 Quae
784 2344 920 2396 tuus
965 2337 1025 2395 in
1072 2336 1191 2395 vita
1237 2335 1424 2393 dulcis
1470 2335 1665 2394 alebat
1710 2351 1894 2393 amor.

492 2421 671 2481 Cuius
727 2437 836 2496 ego
882 2421 1119 2479 interitu
1176 2427 1299 2478 tota
1345 2422 1417 2478 de
1462 2428 1660 2479 mente
1706 2422 1904 2495 fugavi

410 2519 462 2558 10
572 2508 730 2566 Haec
772 2507 969 2565 studia
1014 2513 1191 2580 atque
1238 2506 1428 2564 omnis
1475 2507 1713 2565 delicias
1759 2508 1955 2566 animi.

491 2593 704 2664 Quare,
753 2594 913 2667 quod
956 2593 1165 2651 scribis
1211 2592 1478 2650 Veronae
1523 2599 1695 2667 turpe
1742 2591 1971 2652 Catullo
2080 2591 2083 2594 ’

575 2682 735 2751 Esse,
784 2680 945 2754 quod
989 2681 1083 2738 hic
1130 2679 1396 2754 quisquis
1442 2680 1515 2738 de
1560 2680 1804 2738 meliore
1849 2688 1990 2739 nota

491 2767 725 2841 Frigida
771 2768 1004 2824 deserto
1050 2766 1325 2839 tepefacit
1369 2766 1633 2823 membra
1682 2766 1880 2836 cubili,

576 2853 661 2922 ld,
706 2852 881 2921 Mani,
928 2867 1047 2909 non
1095 2858 1183 2908 est
1219 2858 1416 2924 turpe,
1463 2851 1650 2923 magis
1697 2851 1977 2908 miserum
2024 2859 2130 2911 est.

410 2950 460 2988 15
486 2938 766 3011 Ignosces
810 2936 1005 3009 igitur,
1053 2937 1122 3006 si,
1170 2951 1323 3006 quae
1367 2934 1511 2991 mihi
1556 2936 1751 2992 luctus
1796 2935 2032 3007 ademit,

578 3022 736 3078 Haec
780 3019 886 3076 tibi
929 3032 1048 3076 non
1094 3018 1291 3075 tribuo
1336 3034 1602 3088 munera,
1651 3034 1786 3076 cum
1832 3035 2084 3093 nequeo.

496 3105 660 3175 Nam,
718 3103 877 3176 quod
932 3102 1284 3176 scriptorum
1330 3115 1450 3160 non
1510 3119 1726 3177 magna
1771 3111 1860 3162 cst
1904 3108 2071 3180 copia
2117 3110 2274 3182 apud
2319 3128 2434 3182 me,

580 3189 704 3245 Hoc
748 3187 828 3258 fit,
877 3188 1036 3260 quod
1080 3188 1303 3245 Romae
1347 3187 1626 3247 vivimus:
1673 3190 1773 3247 illa
1819 3190 2048 3264 domus,

498 3272 602 3329 Illa
645 3273 787 3330 mihi
831 3275 1023 3346 sedeS,
1070 3273 1187 3331 illic
1229 3288 1361 3330 mea
1406 3274 1666 3348 carpitur
1711 3282 1901 3333 aetas:

417 3367 470 3405 ²0
579 3358 708 3416 Huc
755 3374 871 3416 una
918 3375 988 3416 ex
1033 3358 1233 3416 multis
1279 3360 1522 3433 capsula
1565 3377 1660 3419 me
1705 3361 1991 3434 sequitur.

498 3444 672 3512 Quod
717 3459 852 3501 cum
897 3444 976 3501 ita
1019 3446 1112 3515 sit,
1159 3444 1340 3501 nolim
1386 3452 1611 3504 statuas
1657 3462 1767 3505 nos
1810 3455 2006 3505 mente
2053 3449 2308 3523 maligna

580 3530 648 3587 ld
693 3529 887 3587 facere
932 3536 1033 3587 aut
1077 3528 1273 3586 animo
1319 3545 1441 3587 non
1485 3532 1626 3590 satis
1671 3533 1950 3607 ingenuo,
1993 3557 2005 3574 ·

501 3616 675 3684 Quod
719 3614 837 3673 tihs
867 3629 986 3673 non
1033 3614 1343 3687 utriusque
1388 3618 1605 3688 petenti
1652 3618 2021 3692 copia.facta
2065 3629 2201 3680 estz·

470 3832 555 3896 61,
592 3844 655 3885 22.
695 3831 855 3885 anaia
889 3832 958 3884 D.
1109 3845 1172 3885 23.
1211 3832 1471 3901 quoniam
1507 3836 1562 3886 D
1598 3844 1647 3888 et
1676 3854 1749 3901 pr
1794 3836 1866 3888 L.-
1921 3853 2083 3907 quem
2120 3856 2240 3890 corr
2278 3836 2338 3889 L.

324 3912 388 3951 24.
424 3905 575 3970 prius
614 3906 672 3954 et
704 3920 788 3953 om
824 3903 1131 3959 Parisinus.
1258 3916 1322 3959 25.
1359 3905 1652 3959 commoda
1688 3907 1751 3959 L.
1876 3908 2042 3962 manli
2083 3909 2150 3973 D,
2190 3908 2342 3961 malli
2378 3907 2440 3971 L,

325 3974 467 4039 quod
503 3973 724 4027 correxi.
865 3986 928 4023 26.
968 3974 1096 4028 Heu
1137 3974 1203 4024 D.
1343 3986 1407 4030 27.
1448 3976 1661 4047 Aspice
1702 3980 1772 4033 D.

467 4061 554 4124 62,
592 4070 654 4112 11.
694 4059 899 4112 catullo
937 4062 1005 4113 L.
1160 4074 1221 4112 12.
1259 4061 1351 4116 hic
1389 4063 1463 4116 L:
1524 4064 1571 4118 is
1609 4067 1664 4117 D
1700 4066 1864 4119 solua.
2016 4068 2198 4118 malim
2244 4065 2442 4135 quiviS.

327 4131 394 4196 cf.
435 4139 518 4188 60,
552 4139 635 4181 12.
742 4141 804 4180 13.
842 4131 1129 4254 tepefacta
1154 4132 1568 4188 Laurentinum.
1606 4134 1880 4205 tepefecit
1905 4132 2069 4188 Itali.-
2093 4138 2335 4204 fortasse
2360 4142 2443 4189 te-

325 4198 559 4268 pefaxit.
667 4211 728 4250 14.
768 4201 936 4254 mani
973 4205 1044 4268 D,
1083 4200 1215 4255 mali
1252 4202 1326 4257 L:
1364 4206 1506 4272 quod
1543 4208 1768 4259 correxi.
1876 4216 1939 4257 20.
1978 4206 2171 4260 casula
2205 4207 2446 4260 Lauren·

326 4271 521 4326 uanus,
665 4282 731 4322 21.
768 4286 872 4326 nos
912 4276 1131 4328 statuas
1170 4273 1236 4328 L.
1354 4286 1419 4327 22.
1458 4275 1684 4347 ingenio
1724 4277 1839 4328 DL.
1954 4289 2019 4330 23.
2055 4282 2224 4348 posta
2259 4282 2345 4332 est
2383 4277 2446 4332 L.

1946 4369 1984 4429 5
