3364 5328
1004 626 1083 686 22
1603 618 2020 676 GA'PULLUS
2060 624 2146 686 36,
2193 631 2223 673 3
2248 651 2306 662 —
2331 624 2417 685 37,
2463 632 2539 674 12.

1173 801 1315 858 Nam
1361 807 1600 858 sanctae
1646 800 1858 857 Veneri
1905 800 2297 872 Cupidinique

1175 885 1364 954 Vovit,
1412 886 1458 943 si
1506 885 1615 943 sibi
1664 886 1966 943 restitutus
2013 901 2204 942 essem

1121 983 1144 1019 5
1174 972 1582 1043 Desissemquc
1630 978 1826 1028 truces
1873 970 2104 1028 vibrare
2150 970 2395 1040 iambos,

1178 1056 1538 1114 Electissima
1587 1056 1819 1128 pessimi
1870 1061 2079 1128 poetae

1178 1142 1406 1214 Scripta
1450 1142 1741 1214 tardipedi
1788 1142 1899 1199 deo
1947 1142 2213 1199 daturam

1179 1227 1512 1285 infelicibus
1557 1228 1869 1284 ustulanda
1917 1225 2106 1299 ligniS,

1179 1313 1249 1369 Et
1294 1313 1407 1369 hoc
1451 1312 1707 1385 pessima
1751 1328 1816 1369 se
1865 1312 2053 1384 puella
2105 1311 2244 1369 vidit

1097 1409 1148 1446 10
1174 1400 1377 1456 locose
1422 1397 1612 1469 lepide
1657 1411 1874 1454 vovere
1921 1396 2087 1453 diviS.

1178 1484 1363 1551 Nunc,
1412 1498 1445 1539 o
1495 1482 1767 1539 caerulco
1815 1489 2010 1540 creata
2056 1489 2257 1553 ponte,

1180 1570 1344 1637 Quae
1390 1574 1660 1625 sanctum
1709 1568 1954 1625 idalium
2001 1568 2290 1639 Uriosque
2334 1576 2570 1642 apertos

1181 1655 1463 1725 Quaeque
1507 1653 1753 1710 Ancona
1800 1652 2169 1725 Cnidumque
2215 1655 2682 1712 harundinosam

1181 1739 1335 1797 Colis
1386 1754 1655 1812 quaeque
1702 1738 2059 1796 Amathunta
2106 1753 2376 1812 quaeque
2422 1741 2641 1814 Golgos

1102 1839 1150 1877 15
1178 1826 1460 1897 Quaeque
1507 1823 1890 1882 Durrachium
1932 1823 2146 1881 Adriae
2191 1824 2516 1898 tabernam,

1185 1911 1505 1982 Acceptum
1554 1910 1679 1966 face
1725 1909 2140 1981 redditumque
2184 1917 2405 1982 votum,

1182 1997 1241 2053 Si
1291 2010 1407 2052 non
1454 1994 1777 2067 inlepidum
1825 2010 2017 2069 neque
2062 1995 2440 2057 invenustum
2486 2006 2589 2056 cst.

1182 2082 1256 2137 At
1299 2096 1404 2138 vos
1451 2082 1675 2139 interea
1721 2074 1914 2139 venite
1956 2081 2017 2138 in
2061 2081 2278 2155 ignem,

1184 2167 1348 2224 Pleni
1396 2166 1546 2224 ruris
1591 2172 1648 2222 et
1691 2165 2078 2225 inficetiarum

1100 2264 1153 2303 ²0
1178 2251 1434 2311 Annales
1479 2250 1701 2320 Volusi,
1750 2258 1951 2309 cacata
1998 2251 2218 2309 charta.

1181 2452 1371 2547 Salax
1416 2488 1659 2546 taberna
1707 2504 1934 2561 vosque
1978 2490 2452 2562 contubernaleS,

1185 2574 1230 2630 A
1279 2574 1504 2648 pileatis
1549 2589 1709 2631 nona
1754 2574 2031 2633 fratribus
2076 2576 2211 2647 pila,

1186 2660 1340 2720 Solis
1383 2659 1600 2734 putatis
1647 2677 1777 2718 esse
1819 2661 2113 2718 mentulas
2157 2660 2343 2730 vobiS‚

1188 2746 1340 2806 Solis
1385 2747 1577 2814 licere,
1628 2745 1907 2817 quicquid
1940 2753 2028 2802 est
2072 2746 2418 2817 puellarum,

1103 2848 1154 2886 25
1183 2834 1541 2893 confutuere
1588 2836 1645 2888 et
1689 2838 1896 2902 putare
1944 2838 2170 2887 ceteros
2215 2827 2455 2888 hircos?

1187 2919 1297 2990 An,
1343 2916 1713 2973 continenter
1759 2916 1916 2987 quod
1962 2916 2178 2973 sedetis
2219 2916 2424 2973 insulsi

1188 3005 1436 3061 Centum
1483 3017 1557 3057 an
1604 3000 1858 3072 ducenti,
1910 3017 2028 3059 non
2074 3001 2291 3073 putatis
2337 3017 2622 3062 ausurum

1187 3091 1276 3146 Mc
1324 3103 1440 3144 una
1486 3087 1773 3145 ducentos
1818 3087 2106 3145 irrumare
2148 3084 2455 3146 sessores?

1188 3172 1363 3246 Atqui
1407 3179 1636 3245 putate:
1685 3188 1942 3246 namque
1986 3172 2166 3231 totius
2211 3172 2379 3231 vobis

1106 3275 1158 3313 30
1186 3261 1461 3317 Frontem
1507 3258 1790 3316 tabernae
1834 3258 2246 3331 scorpionibus
2291 3260 2565 3317 scribam.

1063 3345 1144 3406 20
1191 3344 1392 3403 Puella
1440 3358 1573 3401 nam
1620 3359 1733 3411 me,
1783 3359 1934 3415 quae
1978 3357 2110 3400 meo
2157 3343 2290 3402 sinu
2336 3345 2502 3419 sugit,

1189 3431 1396 3487 Amata
1442 3435 1669 3486 tantum
1718 3435 2003 3502 quantum
2037 3428 2329 3487 amabitur
2374 3430 2554 3500 nulla,

1164 3615 1245 3676 19,
1281 3627 1320 3664 5.
1360 3612 1770 3682 Dedissemque
1812 3613 1928 3667 DL.
2073 3625 2110 3664 ⁷.
2152 3613 2348 3668 datura
2383 3616 2439 3666 D
2474 3625 2525 3667 et
2559 3615 2968 3668 Riccardianus.

1018 3699 1056 3735 s.
1097 3682 1379 3737 ustilanda
1415 3683 1536 3735 DL.
1679 3698 1720 3736 9.
1757 3683 1898 3737 haec
1937 3682 2083 3736 Itali.
2229 3698 2291 3736 10.
2330 3700 2392 3738 se
2434 3684 2581 3742 divis
2620 3686 2687 3749 D,
2728 3702 2789 3738 se
2828 3686 2938 3739 diis
2975 3687 3037 3737 L.

1019 3769 1081 3806 12.
1118 3754 1407 3824 utriosque
1434 3756 1504 3805 D.
1546 3755 1828 3822 Syrosque
1867 3752 2101 3807 Vossius.
2214 3758 2407 3824 portus
2432 3755 2502 3807 N.
2523 3754 2800 3808 Heinsius.
2909 3770 2970 3806 13.
3013 3756 3130 3823 gni·

914 3869 937 3878 1
1021 3825 1258 3894 dumque
1298 3826 1414 3877 DL.
1547 3837 1608 3896 14.
1649 3842 1902 3895 quaeque
1934 3827 2092 3891 prius
2130 3844 2209 3877 om
2247 3825 2311 3890 L,
2354 3841 2460 3895 que
2496 3827 2566 3876 D.
2702 3826 2916 3894 Golgos
2955 3829 3130 3878 Avan-

1022 3899 1157 3948 tius:
1192 3895 1346 3949 alcos
1388 3894 1462 3959 L,
1501 3894 1642 3948 alios
1680 3897 1751 3946 D.
1928 3907 1989 3945 15.
2030 3894 2348 3948 durachium
2386 3896 2502 3947 DL.
2569 3953 2584 3958 ¹
2695 3910 2755 3946 19.
2791 3895 2951 3950 ‘ruris
2988 3916 3035 3948 v.
3076 3897 3128 3947 c.¹

1019 3967 1290 4041 Per-qeins,
1330 3968 1506 4031 itaque
1546 3965 1776 4022 colonius
1817 3976 1866 4018 et
1904 3967 2245 4019 Minturnas:
2283 3965 2423 4019 turis
2451 3967 2513 4030 L,
2550 3965 2700 4020 titi-is
2727 3969 2795 4017 D.
2914 3981 2978 4038 21.
3016 3968 3129 4019 Ati-

1021 4037 1122 4089 lius
1165 4036 1583 4089 Fortunatianus
1619 4055 1672 4102 p.
1703 4042 1855 4087 2697.
1965 4048 2061 4088 22.
2100 4052 2209 4089 non
2247 4053 2281 4089 a
2318 4036 2436 4088 DL.
2493 4069 2494 4072 =
2577 4049 2640 4091 23.
2679 4036 2924 4090 inentula
2960 4035 3024 4087 L.

1019 4119 1082 4157 25.
1123 4106 1426 4159 Confuture
1466 4109 1536 4168 D,
1577 4106 1879 4160 Confutere
1917 4106 1978 4156 L.
2144 4118 2205 4156 29.
2244 4108 2434 4175 Atque
2471 4106 2592 4159 DL.
2762 4123 2884 4161 nam
2924 4109 2992 4160 D.

1018 4189 1078 4226 30.
1121 4176 1451 4245 sopionibus
1490 4178 1551 4227 L.

1161 4263 1245 4318 20.
1284 4276 1320 4313 1.
1362 4264 1468 4332 me]
1506 4263 1576 4316 mi
1621 4262 1892 4318 Heinsius.
2039 4279 2181 4334 quae
2221 4266 2251 4317 e
2290 4280 2409 4317 corr
2444 4264 2509 4316 L.
