3364 5328
912 647 1327 703 OATULLUS
1367 652 1418 712 3,
1464 658 1522 700 is
1550 678 1610 687 —-
1638 650 1691 712 4,
1733 658 1814 703 25.
2392 653 2428 711 5

479 830 525 887 O
573 829 791 885 factum
835 821 1022 881 male!
1069 824 1125 881 io
1174 823 1399 884 miselle
1441 840 1664 899 passer,

478 916 601 971 Tua
648 926 806 970 nunc
851 924 1032 982 opera
1078 925 1244 967 meae
1290 910 1524 985 puellae

397 1012 446 1051 15
475 1000 696 1058 Flendo
743 994 1026 1068 turgiduli
1074 995 1291 1054 rubent
1337 997 1524 1055 ocelli.

476 1218 775 1314 phaselus
820 1253 938 1322 ille,
985 1268 1158 1326 quern
1208 1254 1435 1324 videtiS‚
1484 1255 1765 1327 hospites,
1844 1289 1850 1295 -

476 1341 572 1398 Ait
614 1339 795 1398 fuisse
840 1339 1081 1397 navium
1127 1338 1487 1406 celerrimus,

476 1426 677 1500 Neque
721 1425 900 1483 ullius
947 1425 1204 1483 natantis
1246 1425 1529 1499 impetum
1574 1424 1759 1482 trabis

475 1511 758 1585 Nequisse
802 1509 1142 1585 praeterire,
1188 1509 1312 1568 sive
1357 1510 1632 1584 palmulis

397 1610 449 1649 20
477 1599 639 1671 Opus
686 1597 836 1654 foret
880 1595 1082 1655 volare
1126 1595 1251 1654 sive
1295 1596 1495 1654 linteo.

477 1685 548 1742 Et
590 1684 705 1740 hoc
749 1688 927 1755 negat
970 1680 1214 1739 minacis
1261 1680 1540 1739 Adriatici

472 1769 698 1841 Negare
744 1767 879 1824 litus
924 1767 1225 1825 insulasve
1272 1765 1555 1841 Cycladas

474 1854 869 1926 Rhodumque
913 1851 1172 1910 nobilem
1219 1852 1638 1925 horridamque
1685 1852 1990 1909 Thraciam

476 1939 837 2012 Propontida
881 1944 1184 1996 trucemve
1232 1937 1537 1995 Ponticum
1578 1936 1793 2006 sinum,

396 2040 446 2078 25
475 2025 583 2085 Ubi
625 2024 734 2083 iste
779 2031 913 2097 post
956 2024 1235 2098 phaselus
1281 2030 1455 2082 antea
1498 2023 1606 2081 fuit

477 2110 718 2169 Comata
763 2110 942 2168 silva:
990 2125 1127 2167 nam
1173 2107 1409 2183 Cytorio
1456 2109 1514 2166 in
1559 2109 1697 2180 iugo

472 2199 777 2268 Loquente
821 2210 1001 2269 saepe
1044 2194 1279 2253 sibilum
1327 2194 1510 2252 edidit
1554 2208 1742 2252 coma.

473 2282 727 2342 Amastri
775 2281 1016 2338 Pontica
1062 2287 1120 2338 et
1165 2279 1378 2354 Cytore
1422 2280 1671 2349 buxifer,

471 2369 597 2427 Tibi
644 2369 792 2425 haec
836 2365 1017 2424 fuisse
1065 2372 1123 2423 et
1167 2380 1299 2424 esse
1343 2364 1740 2439 cognitissima

391 2467 445 2505 ³0
473 2454 565 2513 Ait
608 2452 915 2526 phaselus:
963 2451 1169 2508 ultima
1214 2466 1285 2508 ex
1331 2450 1557 2524 origine

387 2538 425 2598 3
471 2542 597 2598 Tuo
643 2537 875 2597 stetisse
921 2536 1060 2595 dicit
1103 2537 1162 2594 in
1206 2536 1530 2606 cacumine,

472 2627 596 2684 Tuo
641 2623 925 2683 imbuisse
967 2622 1257 2696 palmulas
1303 2621 1362 2681 in
1409 2636 1687 2695 aequore,

474 2714 545 2770 Et
585 2711 723 2769 inde
768 2716 855 2767 tot
900 2724 1005 2781 per
1048 2708 1392 2781 impotentia
1436 2710 1584 2765 freta

475 2798 694 2854 Herum
740 2795 964 2864 tulisse,
1012 2794 1178 2852 laeva
1223 2793 1348 2850 sive
1395 2795 1634 2852 dextera

419 2895 444 2932 ⁵
473 2884 725 2956 Vagaret
768 2896 933 2948 aura,
978 2880 1103 2937 sive
1147 2885 1445 2952 utrunque
1490 2880 1749 2952 luppiter

473 2967 658 3027 Simul
703 2966 1003 3025 secundus
1048 2963 1351 3022 incidisset
1391 2965 1450 3023 in
1496 2966 1743 3037 pedem3

472 3054 672 3125 Neque
717 3051 837 3108 ulla
880 3056 1019 3108 vota
1059 3048 1388 3107 litoralibus
1434 3050 1558 3108 deis

471 3138 593 3196 Sibi
638 3152 768 3195 esse
812 3138 985 3205 facta,
1035 3149 1168 3192 cum
1216 3135 1442 3192 veniret
1484 3151 1517 3190 a
1565 3137 1747 3192 marei

471 3222 795 3281 Novissime
840 3223 999 3279 hunc
1043 3220 1118 3278 ad
1166 3234 1355 3292 usque
1400 3219 1708 3293 limpidum
1755 3224 1973 3281 lacum.

390 3321 440 3360 10
467 3310 581 3367 Sed
629 3310 776 3366 haec
819 3306 984 3379 prius
1028 3306 1221 3363 fuere:
1270 3321 1429 3363 nunc
1472 3307 1779 3365 recondita

438 3510 488 3573 2,
528 3520 588 3560 13.
627 3506 846 3558 Bonum
871 3504 1075 3557 factum
1102 3506 1220 3556 DL.
1341 3521 1374 3558 o
1402 3506 1563 3575 (proh
1588 3508 1837 3573 Baptista
1871 3509 2170 3575 Guarinus)
2196 3508 2414 3561 miselle

294 3579 605 3701 pitheslerlvel
626 3591 827 3698 Ραεὲεεέ
852 3573 1137 3696 οὸῐιιίειθῆὶίίἓζ
1157 3576 1324 3697 Ιὸαἰίε
1362 3575 1543 3630 bonus
1582 3577 1917 3700 ille‘lfasss‘g
1955 3580 2073 3701 DAIIJ.
2127 3652 2138 3662 .
2180 3590 2331 3699 14.Vm
2348 3595 2417 3631 ea

296 3668 352 3701 ac
392 3668 420 3699 o
451 3689 462 3701 .
536 3666 709 3701 avena
736 3687 748 3700 .
824 3683 837 3708 ,
911 3683 923 3695 .
957 3664 1015 3711 p.
1040 3682 1049 3693 .
1077 3684 1089 3696 .
1221 3663 1355 3700 ram.
1569 3661 1634 3698 16.
1671 3668 1689 3700 1
1738 3665 1768 3699 θ
1921 3687 1932 3710 ,
2049 3669 2198 3701 artua
2292 3660 2414 3700 tcto-

295 3720 446 3771 rimcs
478 3738 531 3785 p.
559 3727 684 3771 2571
730 3717 811 3777 P.,
850 3717 1176 3783 Auqmtinm
1213 3717 1280 3768 de
1320 3717 1517 3768 musica
1559 3728 1606 3780 5,
1636 3727 1663 3768 6
1698 3718 1827 3784 (ll).
1856 3729 1884 3770 8
1915 3722 2053 3786 (16),
2101 3721 2264 3772 schol.
2304 3720 2434 3770 Lu-¹

298 3792 424 3841 cani
452 3800 497 3852 5,
527 3797 653 3840 518:
695 3788 805 3840 iste
848 3788 1169 3838 Censorinus
1207 3788 1269 3838 de
1304 3797 1449 3839 metr.
1481 3805 1535 3851 p.
1566 3797 1629 3838 04
1670 3788 1833 3840 ΙαῘιπ.
1976 3803 2038 3840 17.
2079 3790 2258 3841 Aiunt
2294 3787 2413 3842 DL.

368 3858 711 3913 celerrimum
750 3857 869 3911 DL.
989 3868 1051 3910 18.
1090 3855 1241 3910 illius
1280 3856 1396 3908 DL.
1506 3857 1704 3923 trabis]
1744 3858 1921 3912 tardis
1960 3859 2080 3924 DL,
2120 3860 2259 3912 ratis
2297 3877 2414 3910 corr

299 3931 471 3982 Paria.
650 3940 711 3979 19.
749 3926 955 3996 Neque
996 3941 1124 3979 esse
1166 3928 1284 3978 DL.
1431 3928 1553 3980 sine
1592 3925 1713 3980 DL.
1892 3942 1953 3984 2ο.
1993 3931 2116 3982 eine
2155 3930 2271 3981 DL.

297 4012 360 4054 21.
400 4000 549 4052 mina
590 3999 642 4051 ei
680 4000 754 4063 D,
793 3998 847 4050 ei
883 3996 1060 4049 minas
1103 3996 1159 4049 L.
1320 4010 1382 4047 23.
1424 3996 1813 4067 Rhodiamque
1854 4002 1924 4053 D.
2066 4003 2303 4052 tractam
2343 3999 2412 4049 D.

367 4082 430 4120 25.
470 4072 605 4139 post
641 4087 722 4119 om
756 4068 821 4120 L.
931 4079 995 4118 26.
1035 4066 1284 4135 cytherio
1323 4069 1392 4131 D,
1433 4067 1669 4121 citeorio
1708 4069 1770 4120 L.
1877 4082 1926 4119 28
1983 4069 2195 4137 cytheri
2221 4068 2339 4120 DL.

296 4153 361 4196 29.
401 4139 812 4208 cognotissima
846 4136 968 4191 DL.

439 4226 492 4291 3,
529 4237 570 4277 2.
609 4224 762 4278 Tuas
801 4224 919 4276 DL.
1062 4237 1103 4280 5.
1141 4223 1393 4277 Vocaret
1428 4225 1499 4289 D,
1540 4224 1766 4278 Vocare
1804 4223 1881 4278 L.-
1920 4225 2141 4277 correoei.
2281 4240 2415 4278 cura

295 4295 417 4349 DL.
560 4306 600 4351 7.
637 4293 952 4349 literalibus
990 4297 1058 4349 D.
1205 4292 1315 4347 dIis
1354 4294 1473 4349 DL.
1616 4308 1656 4345 8.
1696 4298 1902 4350 amaret
1937 4292 2060 4348 DL.
