3364 5328
886 607 1300 663 CA'PULLUS
1339 607 1424 669 64,
1466 615 1564 658 229
1588 615 1779 661 —261.
2306 608 2385 668 53

443 789 606 857 Quae
651 793 920 844 nostrum
965 800 1153 858 genus
1198 799 1265 841 ac
1309 785 1482 842 sedes
1530 783 1850 841 defendere
1896 782 2199 840 Erechthei

445 872 682 942 Annuit,
727 878 793 929 ut
836 870 987 928 tauri
1036 885 1343 943 respergas
1389 869 1677 943 sanguine
1722 870 2006 933 dextram,

442 961 588 1016 Tum
635 972 777 1014 vero
823 956 996 1013 facito
1046 962 1110 1013 ut
1154 955 1397 1013 memori
1445 955 1545 1012 tibi
1594 954 1831 1012 condita
1877 954 2056 1011 corde
2158 952 2164 958 ’

445 1046 603 1102 Haec
646 1043 883 1115 vigeant
927 1041 1223 1109 mandata,
1272 1056 1382 1098 nec
1427 1041 1545 1098 ulla
1592 1040 1888 1097 oblitteret
1933 1046 2116 1106 aetaS,

360 1143 416 1181 30
443 1131 517 1189 Ut
559 1129 733 1187 simul
779 1142 848 1184 ac
895 1133 1130 1184 nostros
1176 1126 1430 1184 invisent
1474 1126 1700 1184 lumina
1746 1125 1929 1191 collis,

314 1216 397 1274 50
445 1217 760 1273 Funestam
807 1219 1099 1282 antennae
1147 1213 1446 1283 deponant
1489 1212 1752 1284 undique
1798 1217 2038 1278 vestem,

446 1301 830 1372 Candidaque
877 1297 1073 1355 intorti
1120 1297 1433 1355 sustollant
1477 1297 1607 1354 vela
1651 1297 1953 1362 rudenteS,

446 1387 634 1455 Quam
681 1384 934 1458 primum
980 1398 1226 1440 cernens
1274 1389 1337 1440 ut
1380 1383 1532 1440 laeta
1556 1382 1791 1462 gaudia
1835 1388 2031 1439 mente

448 1473 797 1548 Agnoscam,
848 1484 981 1526 cum
1029 1476 1085 1526 te
1129 1470 1407 1526 reducem
1455 1474 1615 1525 aetas
1660 1482 1944 1541 prospera
1989 1453 2189 1524 sistet.²

386 1570 410 1607 ⁵
438 1559 596 1615 Haec
639 1555 918 1613 mandata
961 1553 1124 1627 prius
1172 1553 1462 1612 constanti
1510 1560 1705 1609 mente
1750 1560 2045 1611 tenentem

446 1644 671 1700 Thesea
717 1655 823 1698 ceu
871 1640 1075 1713 pulsae
1121 1646 1429 1698 ventorum
1477 1637 1714 1695 flamine
1758 1639 1945 1695 nubes

446 1729 681 1786 Aerium
731 1726 881 1783 nivei
929 1726 1146 1783 montis
1192 1725 1419 1797 liquere
1463 1738 1766 1781 cacumen.

450 1815 523 1871 At
566 1819 748 1886 pater,
797 1818 862 1869 ut
904 1826 1134 1868 sumina
1182 1817 1558 1884 prospectum
1606 1826 1677 1866 ex
1721 1824 1856 1866 arce
1904 1809 2154 1880 petebat,

447 1899 634 1956 Anxia
678 1898 739 1955 in
785 1896 1054 1955 assiduos
1101 1898 1421 1954 absumens
1466 1895 1685 1953 lumina
1731 1895 1921 1963 ssetuS,

366 1999 415 2037 10
446 1986 591 2043 Cum
635 1983 890 2056 primum
937 1982 1120 2040 inflati
1170 1981 1477 2055 conspexit
1521 1981 1702 2037 lintea
1747 1980 1877 2045 veli,

447 2069 831 2142 Praecipitem
879 2083 1011 2125 sese
1055 2068 1437 2141 scopulorum
1483 2081 1513 2123 e
1559 2067 1777 2123 vertice
1824 2066 1973 2134 iecit,

448 2156 739 2213 Amissum
789 2155 1037 2211 credens
1082 2153 1288 2211 immiti
1333 2153 1555 2211 Thesea
1604 2152 1746 2210 fato,

449 2241 544 2299 Sic
589 2241 821 2298 funesta
870 2241 1080 2297 domus
1125 2240 1426 2311 ingressus
1473 2244 1625 2296 tecta
1673 2244 1915 2311 paterna

448 2328 632 2384 Morte
679 2326 844 2383 ferox
892 2327 1152 2383 Theseus
1199 2324 1432 2397 qualem
1479 2324 1718 2381 Minoidi
1765 2324 1986 2380 luctum

369 2426 417 2464 1⁵
449 2412 755 2472 Obtulerat
798 2418 995 2468 mente
1040 2409 1350 2469 inmemori
1394 2409 1570 2467 talem
1615 2409 1741 2481 ipse
1789 2409 2022 2481 recepit.

450 2499 614 2567 Quae
658 2504 855 2554 tamen
900 2503 1213 2569 aspectans
1259 2495 1564 2552 cedentem
1608 2503 1834 2553 maesta
1882 2495 2139 2553 carinam

450 2582 793 2656 Multiplices
841 2582 1036 2640 animo
1083 2581 1359 2639 volvebat
1404 2579 1605 2636 saucia
1651 2596 1843 2638 curas.

452 2671 524 2727 At
568 2676 732 2743 parte
779 2683 849 2726 ex
896 2668 1008 2727 alia
1052 2669 1271 2727 florens
1316 2666 1601 2724 volitabat
1646 2668 1891 2724 Iacchus

450 2756 593 2814 Cum
642 2754 832 2814 thiaso
878 2755 1223 2830 Satyrorum
1271 2760 1329 2809 et
1372 2751 1676 2825 Nysigenis
1723 2751 1953 2821 SileniS,

367 2844 524 2899 20'l‘e
569 2856 882 2914 quaerens,
930 2840 1206 2909 Ariadna,
1254 2846 1477 2910 tuoque
1520 2837 1799 2895 incensus
1846 2852 2064 2895 amore.

451 2928 561 2996 Qui
606 2934 731 2986 tum
777 2926 1265 3000 alacrespassim
1311 2924 1609 2998 lymphata
1654 2929 1851 2980 mente
1895 2923 2169 2981 furebant

452 3014 655 3069 Euhoe
699 3013 1080 3083 bacchantes,
1129 3012 1321 3069 euhoe
1366 3008 1558 3082 capita
1603 3008 1989 3066 inflectentes.

452 3097 675 3154 Horum
722 3112 857 3170 pars
901 3102 1056 3155 tecta
1102 3096 1445 3169 quatiebant
1491 3095 1735 3167 cuspide
1780 3094 2030 3167 thyrsos.

455 3181 596 3238 Pars
642 3198 673 3237 e
720 3182 949 3239 divulso
996 3182 1294 3239 iactabant
1337 3181 1601 3238 membra
1645 3180 1918 3249 iuvenc0‚

378 3277 428 3314 2⁵
456 3266 600 3322 Pars
644 3280 774 3322 sese
818 3266 984 3324 tortis
1028 3267 1401 3340 serpentibus
1445 3266 1856 3341 incingebant,-

459 3350 601 3405 Pars
645 3349 895 3406 obscura
940 3353 1095 3408 cavis
1141 3352 1517 3409 celebrabant
1562 3353 1728 3425 orgia
1772 3351 1950 3421 cistiS,

460 3433 656 3507 Orgia,
703 3448 855 3504 quae
899 3434 1114 3492 frustra
1160 3437 1404 3508 cupiunt
1448 3438 1653 3495 audire
1699 3436 1949 3510 profani,

460 3518 827 3593 plangebant
873 3518 1004 3576 aliei
1051 3520 1310 3591 proceris
1355 3528 1635 3592 tympana
1679 3523 1889 3594 palmis

424 3670 511 3733 49,
549 3683 614 3720 ⁶26.
653 3685 719 3723 ac
759 3666 924 3722 Itali:
963 3668 1063 3722 has
1103 3667 1218 3719 DL.
1330 3669 1623 3722 Erechthei
1671 3673 1912 3727 Vossius.-
1954 3673 2077 3726 freti
2120 3674 2239 3723 DL.

284 3753 345 3794 28.
387 3739 473 3791 'Pu
511 3740 636 3792 DL.
776 3753 838 3791 30.
882 3739 1043 3793 simul
1085 3739 1222 3791 haec
1261 3737 1378 3789 DL.

426 3829 511 3891 50,
550 3839 588 3881 3.
627 3831 688 3879 ut
716 3826 788 3878 L.-
828 3841 989 3894 quam
1017 3827 1087 3876 D.
1197 3829 1435 3877 ment-em
1464 3826 1532 3876 D.
1651 3837 1690 3879 4.
1729 3843 1859 3880 aera
1885 3845 2156 3898 prospera
2195 3829 2402 3883 sistent

288 3900 356 3948 D.
499 3909 535 3949 7.
579 3897 796 3950 Aerium
837 3898 1262 3949 Laurentianus.-
1301 3897 1542 3947 Aereum
1578 3896 1689 3946 DL.
1833 3910 1871 3945 9.
1912 3898 2095 3951 Ansia
2131 3902 2199 3950 D.
2309 3916 2396 3952 as-

286 3967 514 4021 sumens
541 3968 600 4018 L.
746 3980 805 4018 10.
847 3966 1041 4021 infecti
1082 3968 1216 4035 Any.
1258 3966 1491 4018 Colocius
1529 3977 1577 4019 et
1614 3968 1719 4017 alii
1752 3966 1900 4017 Itali.
2045 3980 2104 4017 14.
2143 3969 2403 4037 minoyda

287 4041 356 4089 D.
498 4051 561 4088 15.
600 4038 656 4091 in
695 4053 935 4091 memore
976 4038 1043 4089 D.
1189 4049 1247 4085 16.
1288 4035 1610 4091 credentem
1650 4038 1704 4088 D
1739 4037 1901 4090 solus.
2047 4048 2107 4087 18.
2146 4042 2306 4105 pater
2335 4042 2400 4095 D.

355 4123 526 4173 yacus
565 4111 635 4174 D,
672 4108 876 4163 Iachus
914 4108 975 4158 L.
1011 4130 1015 4134 ·
1119 4119 1184 4159 2⁰.
1224 4107 1300 4159 Et
1334 4107 1394 4159 L.
1506 4106 1735 4161 adriana.
1763 4108 1833 4159 D.
1977 4117 2040 4158 21.
2079 4105 2293 4158 alacras
2331 4109 2400 4163 Ι).

355 4190 418 4229 22.
460 4178 855 4233 Eucbe-euehe
893 4178 1013 4230 DL.
1155 4190 1216 4227 23.
1256 4177 1466 4230 Harum
1506 4178 1627 4230 DL.
1767 4189 1833 4226 24.
1875 4174 2093 4230 divulso
2132 4176 2200 4230 D.

289 4261 350 4299 25.
392 4267 472 4301 om
506 4251 561 4303 D
598 4261 646 4303 et
681 4250 1097 4306 Riccardiavzus,
1242 4260 1305 4300 28.
1342 4248 1484 4304 aliae
1523 4247 1642 4303 DL.
