3364 5328
927 640 1343 695 GATULLUS
1383 642 1466 704 10,
1515 650 1570 691 12
1596 642 1750 703 -11,
1792 650 1840 694 6.
2401 642 2440 701 9

492 819 845 880 Praesertim
892 817 1109 891 quibus
1157 825 1312 877 esset
1354 819 1672 876 irrumator

491 908 738 965 Praetor
782 919 901 963 non
949 903 1214 963 facerent
1256 903 1356 977 pili
1402 905 1726 961 cohortem.

480 980 585 1051 ‘At
630 996 791 1049 certe
833 979 1069 1057 tamen,³
1117 989 1393 1062 inquiunt
1428 976 1618 1062 ‘quod
1663 989 1782 1047 illic

490 1078 700 1137 Natum
749 1074 963 1133 dicitur
1006 1090 1155 1146 esse,
1202 1075 1553 1149 comparasti

412 1177 464 1216 10
490 1163 579 1222 Ad
624 1161 890 1220 lecticam
936 1149 1228 1218 hominis.³
1322 1175 1451 1235 ego,
1499 1167 1565 1218 ut
1609 1160 1841 1234 puellae

490 1251 686 1309 Unum
731 1262 825 1304 me
871 1246 1124 1305 facerem
1168 1246 1512 1318 beatiorem,

482 1321 657 1393 ‘Non’
706 1331 949 1405 inquam
984 1319 1156 1389 ‘mihi
1200 1340 1319 1389 tam
1367 1332 1474 1389 fuit
1517 1333 1794 1407 maligne,

487 1422 581 1492 Ut,
627 1417 933 1494 provincia
977 1418 1139 1492 quod
1183 1418 1336 1475 mala
1383 1416 1704 1489 incidisset,

378 1532 383 1537 ·
489 1506 616 1565 Non
662 1519 899 1578 possem
946 1510 1078 1562 octo
1125 1503 1394 1562 homines
1437 1519 1649 1577 parare
1694 1493 1927 1561 rectoS.³

414 1604 464 1643 1⁵
490 1593 563 1650 At
606 1591 683 1648 mi
729 1589 928 1648 nullus
975 1595 1102 1648 erat
1144 1604 1340 1662 neque
1381 1589 1477 1647 hic
1522 1605 1717 1662 neque
1761 1590 1899 1659 illic,

489 1679 762 1736 Fractum
810 1676 909 1748 qui
955 1674 1169 1733 veteris
1215 1675 1426 1748 pedem
1472 1675 1700 1749 grabati

493 1765 556 1820 ln
603 1761 755 1820 collo
799 1761 912 1819 sibi
959 1760 1254 1819 collocare
1297 1768 1515 1834 posset.

490 1848 596 1906 Hic
638 1847 756 1913 illa,
805 1853 869 1904 ut
913 1846 1112 1905 decuit
1156 1846 1571 1915 cinaediorcm,

416 2008 419 2012 ,
483 1921 765 2002 ‘Quaeso’
814 1932 1005 2006 inquit
1039 1919 1230 2003 ‘mihi,
1275 1931 1356 1989 mi
1402 1931 1648 2000 Catulle,
1696 1931 1939 2005 paulum

411 2033 465 2071 20
490 2021 638 2078 Istos
683 2019 1024 2076 commoda:
1071 2033 1209 2076 nam
1257 2017 1393 2074 volo
1439 2017 1513 2074 ad
1559 2017 1824 2089 Serapim

492 2096 753 2164 Deferri.’
811 2090 1015 2162 ‘mane
1061 2090 1173 2161 me’
1221 2102 1407 2175 inquii
1453 2102 1687 2175 puellae

491 2242 673 2313 Istud,
722 2241 885 2313 quod
931 2241 1108 2299 modo
1155 2238 1436 2308 dixeram,
1485 2254 1581 2296 me
1626 2239 1865 2310 habere,

493 2326 666 2400 Fugit
708 2343 804 2385 me
848 2326 1026 2385 ratio:
1075 2341 1242 2384 meus
1286 2323 1504 2382 sodalis

413 2424 465 2462 25
493 2412 681 2470 Cinna
726 2419 815 2471 est
859 2411 1058 2480 GaiuS,
1105 2411 1154 2469 is
1197 2410 1310 2468 sibi
1355 2410 1601 2483 paravit.

493 2497 730 2567 Verum,
777 2503 985 2555 utrum
1020 2496 1176 2555 illius
1222 2510 1297 2552 an
1343 2494 1478 2564 mei,
1526 2494 1666 2567 quid
1712 2496 1788 2552 ad
1834 2491 1972 2553 me?

494 2584 638 2642 Utor
680 2591 801 2641 tam
844 2582 998 2641 bene
1041 2597 1220 2654 quam
1263 2579 1405 2638 mihi
1450 2580 1725 2653 pararim.

494 2670 611 2729 Sed
657 2676 721 2727 tu
766 2668 990 2728 insulsa
1035 2668 1188 2726 male
1231 2680 1301 2723 ac
1346 2666 1592 2724 molesta
1635 2668 1802 2737 viviS,

496 2757 608 2815 Per
652 2771 826 2829 quam
875 2769 996 2813 non
1040 2754 1174 2813 licet
1219 2765 1357 2813 esse
1401 2742 1835 2827 negligentem.³

416 2941 646 3035 soFuri
692 2983 750 3035 et
793 2975 1012 3047 Aureli,
1060 2977 1303 3035 comites
1350 2975 1579 3047 Catulli,

413 3061 448 3120 7
496 3064 632 3122 Sive
674 3063 735 3121 in
781 3068 1075 3121 extremos
1120 3061 1451 3137 penetrabit
1494 3062 1693 3132 Indos,

496 3149 660 3207 Litus
706 3154 771 3205 ut
813 3146 990 3221 longe
1034 3155 1350 3207 resonante
1394 3148 1515 3205 an

900 3233 1191 3294 Tunditur
1235 3233 1414 3301 unda,

498 3320 633 3378 Sive
677 3320 736 3378 in
781 3319 1085 3393 Hyrcanos
1128 3318 1469 3389 Arabesque
1514 3318 1723 3376 molles

441 3417 466 3458 5
493 3405 610 3463 Seu
656 3405 836 3464 Sacas
881 3404 1354 3478 sagittiferosque
1397 3402 1668 3473 ParthoS,

465 3574 516 3638 6,
553 3584 593 3624 7.
630 3572 844 3628 faceret
869 3571 934 3637 L,
972 3570 1158 3624 facere
1183 3566 1602 3625 Laurentianus.
1645 3571 1860 3625 faciens
1892 3572 2193 3624 Gronovius
2230 3573 2295 3624 de
2322 3582 2441 3624 sest.

328 3654 377 3709 3,
422 3650 503 3697 17.
628 3656 665 3693 a.
706 3644 796 3696 Ac
834 3643 904 3695 D.
1028 3652 1089 3689 14.
1129 3641 1262 3692 octo
1300 3638 1377 3690 L.-
1415 3639 1530 3693 cito
1567 3643 1638 3696 D.
1772 3655 1834 3694 15.
1873 3640 2006 3693 mihi
2043 3642 2105 3697 L.
2213 3657 2318 3695 nec
2352 3642 2443 3694 hic

327 3730 433 3769 nec
460 3716 532 3767 D.
640 3725 702 3765 16.
741 3712 1007 3779 Fractum‘
1042 3725 1185 3778 quae
1212 3709 1274 3774 L,
1314 3710 1693 3779 Fractumque
1730 3712 2128 3765 Laurentianus
2152 3722 2201 3765 et
2219 3731 2289 3778 pr
2316 3713 2441 3764 Ric-

327 3786 633 3839 cardianua.
777 3795 837 3833 18.
878 3780 1068 3835 docuit
1103 3780 1223 3833 DL.
1365 3792 1427 3831 20.
1468 3780 1649 3833 Istos:
1706 3780 2049 3836 commodum
2104 3782 2248 3834 enim
2288 3781 2443 3834 Han-

327 3858 464 3909 diua.
592 3867 717 3905 nam
756 3854 837 3904 D.-
874 3867 982 3905 non
1018 3850 1083 3903 L.
1213 3850 1453 3920 Sarapim
1491 3852 1561 3901 D.
1705 3864 1769 3904 21.
1809 3853 2030 3905 minime
2069 3853 2357 3906 Fontanus.

327 3924 509 3993 inquit
532 3920 654 3977 DL.
763 3934 826 3975 22.
859 3919 1010 3976 ‘Post
1034 3920 1228 3989 inquio
1255 3920 1477 3990 puellae
1500 3923 1755 3988 fenestra
1780 3925 2017 3990 sequitur
2053 3925 2112 3974 in
2147 3924 2323 3974 codice
2359 3939 2441 3974 ve-

327 3993 474 4048 tusto'
516 3994 826 4046 Alexander
866 3994 1158 4047 Guarinus.
1300 4003 1365 4041 25.
1406 3991 1581 4044 Cuma
1614 3992 1734 4047 DL.
1847 3991 2016 4046 Gaius
2060 3991 2219 4044 Itali.-
2256 3991 2441 4057 gravis

323 4064 443 4188 lIIJL.
589 4076 652 4119 26.
674 4078 727 4185 Ia
763 4079 849 4117 mo
889 4062 953 4119 L.
1095 4074 1158 4118 τι.
1197 4065 1450 4132 paratum
1490 4064 1545 4115 D
1578 4064 1739 4117 solus.
1882 4074 1946 4118 28.
1984 4060 2169 4115 insula
2204 4061 2323 4115 DL.

363 4150 432 4189 ac
470 4137 542 4200 D,
580 4138 639 4188 et
726 4171 738 4186 .

467 4221 518 4287 7,
556 4233 579 4272 1
633 4219 948 4292 penetravit
983 4219 1110 4271 DL.
1250 4186 1290 4271 2.
1327 4222 1391 4271 ut
1428 4220 1744 4272 Parisinus:
1784 4218 1878 4272 ubi
1918 4218 2032 4269 DL.
2166 4229 2204 4274 ⁵.
2243 4216 2369 4272 Sive

328 4305 495 4364 sagas
533 4262 652 4345 DZ.
800 4288 1214 4361 sagittiferosve
1254 4288 1669 4345 Laurentinum.
2445 4302 2448 4304 ’
