3364 5328
1030 607 1114 669 20

1633 602 2041 658 OATULLUS
2080 604 2165 667 32,
2210 612 2228 654 1
2260 632 2319 641 —
2343 603 2428 666 34,
2476 611 2554 653 13.

1078 812 1153 871 17
1202 777 1462 884 Amab0‚
1508 828 1638 871 mea
1687 813 1875 871 dulcis
1922 813 2221 886 Ipsithilla,

1200 898 1362 956 Meae
1408 899 1668 969 deliciae,
1719 899 1832 956 mei
1877 899 2126 971 leporcS‚

1199 984 1342 1042 lube
1389 984 1461 1041 ad
1507 991 1564 1041 te
1610 984 1838 1042 veniam
1888 985 2277 1044 meridiatum.

1200 1070 1271 1127 Et
1314 1069 1363 1126 si
1409 1069 1649 1128 iusseris
1694 1070 1857 1140 illud,
1906 1071 2207 1143 adiuvato,

1143 1167 1167 1204 ⁵
1194 1155 1410 1227 Nequis
1455 1155 1668 1230 liminis
1715 1156 1953 1213 obseret
1995 1157 2291 1226 tabellam,

1196 1240 1321 1297 Neu
1366 1239 1469 1296 tibi
1514 1240 1718 1297 lubeat
1760 1241 1918 1299 foras
1964 1242 2146 1313 abire,

1202 1326 1318 1383 Sed
1367 1325 1523 1382 domi
1569 1340 1813 1383 maneas
1859 1334 2149 1399 paresque
2195 1328 2365 1386 nobis

1196 1410 1415 1468 Novem
1466 1411 1776 1469 continuas
1821 1412 2162 1470 sututioneS.

1193 1496 1430 1566 Verum,
1478 1496 1671 1568 siquid
1719 1512 1878 1570 ageS‚
1924 1498 2119 1554 statim
2166 1497 2393 1555 iubeto:

1116 1593 1165 1630 10
1190 1580 1334 1637 Nam
1380 1596 1634 1654 pransus
1680 1582 1843 1639 iaceo
1891 1589 1947 1639 et
1990 1590 2155 1640 satur
2200 1584 2448 1655 supinus

1197 1667 1497 1724 Pertundo
1541 1667 1922 1740 tunicamque
1968 1669 2346 1742 palliumque.

1194 1833 1250 1926 0
1296 1870 1491 1927 furum
1535 1864 1754 1944 optim'e
1797 1871 2234 1930 balneariorum

1193 1955 1441 2013 Vibenni
1485 1964 1670 2028 pater,
1718 1964 1774 2014 et
1819 1959 2065 2016 cinaede
2111 1959 2209 2029 fili,

1192 2040 1361 2117 (Nam
1408 2042 1612 2099 dextra
1655 2049 1823 2114 pater
1865 2044 2276 2116 inquinatiore‚

1112 2139 1160 2177 1⁵
1189 2127 1335 2186 Culo
1382 2126 1536 2189 filius
1581 2133 1669 2184 est
1713 2127 2045 2204 voraciore)

1192 2212 1311 2270 Cui·
1355 2226 1475 2268 non
1521 2212 1757 2268 exilium
1797 2213 2101 2285 malasque
2145 2214 2203 2270 in
2250 2229 2384 2271 oras

1190 2297 1309 2366 ltiS,
1353 2295 1834 2369 quandoquidem
1880 2298 2062 2368 patris
2107 2298 2349 2370 rapinae

1190 2383 1372 2439 Notae
1413 2387 1553 2438 sun't
1595 2381 1837 2454 populo,
1887 2389 1944 2438 et
1988 2383 2139 2440 natis
2185 2384 2423 2456 pilosas,

1188 2466 1312 2538 Fili,
1359 2481 1477 2524 non
1525 2474 1693 2539 potes
1740 2482 1872 2524 asse
1916 2469 2237 2526 venditare.

1104 2704 1159 2741 20
1188 2649 1421 2746 Dianae
1462 2702 1668 2745 sumus
1713 2688 1772 2746 in
1819 2688 1934 2746 fide

1187 2773 1426 2831 Puellae
1471 2780 1529 2831 et
1570 2774 1736 2845 pueri
1782 2774 2020 2847 integri:

1185 2855 1459 2917 Dianam
1500 2857 1680 2933 pueri
1723 2857 1948 2935 inteyri

1271 2944 1627 3016 Puellaeque
1673 2959 1971 3002 canamus

1190 3030 1237 3089 Ο
1284 3030 1547 3101 Latonia,
1591 3030 1829 3087 maximi

1182 3116 1392 3188 Magna
1434 3116 1748 3189 progenies
1793 3116 1963 3189 Iovis,

1098 3213 1149 3251 25
1177 3201 1364 3269 Quam
1410 3208 1598 3258 mater

1642 3216 1829 3275 prope
1872 3201 2088 3259 Deliam

1268 3286 1565 3358 Deposivit
1607 3287 1841 3358 olivam,

1181 3371 1463 3429 Montium
1511 3372 1749 3430 domina
1794 3379 1860 3430 ut
1902 3372 2057 3429 fores

1178 3457 1588 3528 Silvarumque
1633 3457 1946 3515 virentium

1122 3554 1134 3564 '
1178 3542 1566 3613 Saltuumque
1611 3543 2054 3601 reconditorum

1097 3640 1148 3677 30
1260 3626 1655 3699 Amniumque
1701 3635 2035 3686 sonantum.

1055 3710 1131 3770 18
1177 3714 1265 3770 Tu
1311 3712 1529 3770 Lucina
1576 3712 1915 3772 dolentibus

1155 3892 1238 3957 17,
1277 3905 1315 3946 1.
1355 3894 1620 3963 ipsythila
1657 3896 1729 3959 D,
1769 3859 2000 3964 Ipsitila'
2027 3894 2089 3949 L.
2230 3908 2267 3947 3.
2306 3859 2665 3950 meridianuin
2705 3897 2767 3947 L.
2875 3909 2913 3950 6.
2952 3895 3127 3949 libeat

1006 3964 1068 4016 L.
1108 4011 1123 4022 ,
1193 3976 1254 4015 15.
1294 3968 1384 4017 est
1423 3964 1475 4015 in
1518 3966 1587 4021 D.

1708 3965 2018 4018 volantiore
2052 3983 2125 4033 pr
2167 3964 2225 4020 L.
2358 3978 2419 4019 16.
2459 3967 2624 4020 boras
2664 3968 2733 4023 D.
2861 3979 2922 4018 18.
2964 3971 3124 4019 nates

1004 4037 1073 4089 D.
1219 4046 1279 4084 19.
1318 4037 1510 4103 potest
1546 4037 1665 4087 DL.
1814 4050 1910 4087 ase
1951 4034 2250 4089 vendicare
2288 4039 2358 4101 D,
2398 4036 2467 4089 ad
2509 4054 2571 4090 se
2609 4037 2893 4091 vindica-re
2931 4037 2994 4091 L.

998 4101 1235 4157 ‘Dianae
1275 4105 1430 4173 pueri
1472 4105 1671 4172 integri
1716 4108 1990 4166 Pomanus
2024 4124 2088 4157 ex
2112 4125 2157 4161 v.
2186 4106 2244 4160 c.'
2286 4109 2567 4160 Perreius:
2608 4128 2687 4159 om
2725 4107 2844 4162 DL.
2887 4108 3123 4159 Dianam
3191 4123 3196 4130 ’

1001 4186 1241 4239 excerpta
1282 4175 1566 4227 Italorum.

1001 4256 1062 4299 27.
1101 4245 1376 4298 dominam
1418 4248 1499 4297 D.-

1747 4189 1808 4227 23.
1851 4176 1898 4230 Ο
1938 4176 2162 4236 Latona
2201 4180 2263 4233 L.
2441 4190 2504 4231 26.
2545 4178 2825 4248 Deposuit
2861 4178 2981 4229 DL.

1630 4260 1694 4300 30.
1737 4246 2105 4315 Omniumque
2145 4248 2424 4324 (Omnium
2463 4250 2543 4316 D)
2583 4250 2896 4302 sonantium
2935 4248 3049 4299 DL.
3106 4305 3109 4307 ,
