<?xml version="1.0" encoding="UTF-8"?>
<!DOCTYPE html PUBLIC "-//W3C//DTD XHTML 1.0 Transitional//EN"
    "http://www.w3.org/TR/xhtml1/DTD/xhtml1-transitional.dtd">
<html xmlns="http://www.w3.org/1999/xhtml" xml:lang="en" lang="en">
 <head>
  <title>
</title>
<meta http-equiv="Content-Type" content="text/html;charset=utf-8" />
  <meta name='ocr-system' content='tesseract 3.04.00' />
  <meta name='ocr-capabilities' content='ocr_page ocr_carea ocr_par ocr_line ocrx_word'/>
</head>
<body>
  <div class='ocr_page' id='page_1' title='image "./qvaleriicatulli04catugoog_0012.png"; bbox 0 0 3364 5328; ppageno 0'>
   <div class='ocr_carea' id='block_1_1' title="bbox 891 593 2402 663">
    <p class='ocr_par' dir='ltr' id='par_1_1' title="bbox 891 593 2402 663">
     <span class='ocr_line' id='line_1_1' title="bbox 891 593 2402 663; baseline -0.003 -12"><span class='ocrx_word' id='word_1_1' title='bbox 891 602 927 663; x_wconf 80' lang='grc'>8</span> <span class='ocrx_word' id='word_1_2' title='bbox 1503 593 1910 649; x_wconf 79' lang='lat' dir='ltr'><strong><em>OATULLUS</em></strong></span> <span class='ocrx_word' id='word_1_3' title='bbox 1948 596 1999 657; x_wconf 88' lang='lat'>8,</span> <span class='ocrx_word' id='word_1_4' title='bbox 2034 603 2093 644; x_wconf 75' lang='lat'>12</span> <span class='ocrx_word' id='word_1_5' title='bbox 2119 622 2179 633; x_wconf 86' lang='lat'>-</span> <span class='ocrx_word' id='word_1_6' title='bbox 2206 595 2289 658; x_wconf 87' lang='lat'>10,</span> <span class='ocrx_word' id='word_1_7' title='bbox 2324 602 2402 646; x_wconf 88' lang='grc'>11.</span> 
     </span>
    </p>
   </div>
   <div class='ocr_carea' id='block_1_2' title="bbox 984 768 2519 1439">
    <p class='ocr_par' dir='ltr' id='par_1_2' title="bbox 1060 768 2472 1099">
     <span class='ocr_line' id='line_1_2' title="bbox 1060 768 2289 843; baseline -0.002 -13"><span class='ocrx_word' id='word_1_8' title='bbox 1060 772 1221 841; x_wconf 83' lang='lat' dir='ltr'>Vale,</span> <span class='ocrx_word' id='word_1_9' title='bbox 1271 769 1484 843; x_wconf 86' lang='lat' dir='ltr'>puella.</span> <span class='ocrx_word' id='word_1_10' title='bbox 1542 768 1656 827; x_wconf 92' lang='lat' dir='ltr'>iam</span> <span class='ocrx_word' id='word_1_11' title='bbox 1704 768 1968 829; x_wconf 80' lang='lat' dir='ltr'>Catullus</span> <span class='ocrx_word' id='word_1_12' title='bbox 2014 771 2289 841; x_wconf 76' lang='lat' dir='ltr'><strong>obdurat,</strong></span> 
     </span>
     <span class='ocr_line' id='line_1_3' title="bbox 1061 853 2328 929; baseline -0.003 -13"><span class='ocrx_word' id='word_1_13' title='bbox 1061 858 1179 916; x_wconf 90' lang='lat' dir='ltr'>Nec</span> <span class='ocrx_word' id='word_1_14' title='bbox 1223 863 1281 914; x_wconf 91' lang='lat' dir='ltr'>te</span> <span class='ocrx_word' id='word_1_15' title='bbox 1326 853 1585 927; x_wconf 83' lang='lat' dir='ltr'>requiret</span> <span class='ocrx_word' id='word_1_16' title='bbox 1627 869 1739 913; x_wconf 91' lang='lat' dir='ltr'>nec</span> <span class='ocrx_word' id='word_1_17' title='bbox 1784 855 2015 929; x_wconf 84' lang='lat' dir='ltr'>rogabit</span> <span class='ocrx_word' id='word_1_18' title='bbox 2058 856 2328 915; x_wconf 88' lang='lat' dir='ltr'>invitam:</span> 
     </span>
     <span class='ocr_line' id='line_1_4' title="bbox 1064 939 2472 1015; baseline -0.001 -14"><span class='ocrx_word' id='word_1_19' title='bbox 1064 945 1138 1001; x_wconf 85' lang='lat' dir='ltr'>At</span> <span class='ocrx_word' id='word_1_20' title='bbox 1182 950 1245 1000; x_wconf 92' lang='lat' dir='ltr'>tu</span> <span class='ocrx_word' id='word_1_21' title='bbox 1292 939 1540 1009; x_wconf 81' lang='lat' dir='ltr'>dolebiS,</span> <span class='ocrx_word' id='word_1_22' title='bbox 1587 956 1721 998; x_wconf 90' lang='lat' dir='ltr'>cum</span> <span class='ocrx_word' id='word_1_23' title='bbox 1767 942 2072 1015; x_wconf 82' lang='lat' dir='ltr'>rogaberis</span> <span class='ocrx_word' id='word_1_24' title='bbox 2119 942 2301 1000; x_wconf 83' lang='lat' dir='ltr'>nulla.</span> <span class='ocrx_word' id='word_1_25' title='bbox 2465 1001 2472 1007; x_wconf 77' lang='grc'><em>,</em></span> 
     </span>
     <span class='ocr_line' id='line_1_5' title="bbox 1065 1025 2389 1099; baseline -0.003 -12"><span class='ocrx_word' id='word_1_26' title='bbox 1065 1030 1341 1096; x_wconf 82' lang='lat' dir='ltr'>Scelesta,</span> <span class='ocrx_word' id='word_1_27' title='bbox 1391 1040 1464 1082; x_wconf 91' lang='lat' dir='ltr'>ne</span> <span class='ocrx_word' id='word_1_28' title='bbox 1509 1031 1582 1082; x_wconf 90' lang='lat' dir='ltr'>te.</span> <span class='ocrx_word' id='word_1_29' title='bbox 1645 1042 1799 1099; x_wconf 88' lang='lat' dir='ltr'>quae</span> <span class='ocrx_word' id='word_1_30' title='bbox 1844 1027 1948 1086; x_wconf 90' lang='lat' dir='ltr'>tibi</span> <span class='ocrx_word' id='word_1_31' title='bbox 1995 1034 2196 1086; x_wconf 89' lang='lat' dir='ltr'>manet</span> <span class='ocrx_word' id='word_1_32' title='bbox 2239 1025 2389 1086; x_wconf 81' lang='lat' dir='ltr'>vital</span> 
     </span>
    </p>

    <p class='ocr_par' dir='ltr' id='par_1_3' title="bbox 984 1107 2519 1439">
     <span class='ocr_line' id='line_1_6' title="bbox 984 1107 2519 1183; baseline 0.003 -18"><span class='ocrx_word' id='word_1_33' title='bbox 984 1128 1035 1165; x_wconf 77' lang='grc' dir='ltr'>ιο</span> <span class='ocrx_word' id='word_1_34' title='bbox 1065 1113 1207 1183; x_wconf 89' lang='lat' dir='ltr'>Quis</span> <span class='ocrx_word' id='word_1_35' title='bbox 1254 1127 1412 1170; x_wconf 94' lang='lat' dir='ltr'>nunc</span> <span class='ocrx_word' id='word_1_36' title='bbox 1457 1117 1515 1168; x_wconf 89' lang='lat' dir='ltr'>te</span> <span class='ocrx_word' id='word_1_37' title='bbox 1560 1107 1787 1170; x_wconf 81' lang='lat' dir='ltr'>adibit?</span> <span class='ocrx_word' id='word_1_38' title='bbox 1834 1114 1927 1171; x_wconf 89' lang='lat' dir='ltr'>cui</span> <span class='ocrx_word' id='word_1_39' title='bbox 1975 1112 2267 1171; x_wconf 88' lang='lat' dir='ltr'>videberis</span> <span class='ocrx_word' id='word_1_40' title='bbox 2312 1109 2519 1171; x_wconf 84' lang='lat' dir='ltr'>bella?</span> 
     </span>
     <span class='ocr_line' id='line_1_7' title="bbox 1065 1192 2466 1268; baseline -0.001 -12"><span class='ocrx_word' id='word_1_41' title='bbox 1065 1201 1251 1268; x_wconf 87' lang='lat' dir='ltr'>Quem</span> <span class='ocrx_word' id='word_1_42' title='bbox 1300 1212 1458 1255; x_wconf 91' lang='lat' dir='ltr'>nunc</span> <span class='ocrx_word' id='word_1_43' title='bbox 1503 1192 1772 1256; x_wconf 82' lang='lat' dir='ltr'>amabis?</span> <span class='ocrx_word' id='word_1_44' title='bbox 1817 1199 1986 1257; x_wconf 90' lang='lat' dir='ltr'>cuius</span> <span class='ocrx_word' id='word_1_45' title='bbox 2032 1214 2162 1257; x_wconf 90' lang='lat' dir='ltr'>esse</span> <span class='ocrx_word' id='word_1_46' title='bbox 2208 1194 2466 1257; x_wconf 80' lang='lat' dir='ltr'>diceris?</span> 
     </span>
     <span class='ocr_line' id='line_1_8' title="bbox 1063 1277 2384 1354; baseline -0.002 -12"><span class='ocrx_word' id='word_1_47' title='bbox 1063 1286 1250 1354; x_wconf 82' lang='lat' dir='ltr'>Quem</span> <span class='ocrx_word' id='word_1_48' title='bbox 1294 1277 1593 1340; x_wconf 82' lang='lat' dir='ltr'>basiabis?</span> <span class='ocrx_word' id='word_1_49' title='bbox 1642 1284 1736 1340; x_wconf 92' lang='lat' dir='ltr'>cui</span> <span class='ocrx_word' id='word_1_50' title='bbox 1781 1284 1997 1342; x_wconf 89' lang='lat' dir='ltr'>labella</span> <span class='ocrx_word' id='word_1_51' title='bbox 2041 1278 2384 1342; x_wconf 82' lang='lat' dir='ltr'>mordebis?</span> 
     </span>
     <span class='ocr_line' id='line_1_9' title="bbox 1065 1367 2260 1439; baseline 0.003 -12"><span class='ocrx_word' id='word_1_52' title='bbox 1065 1370 1139 1428; x_wconf 85' lang='lat' dir='ltr'>At</span> <span class='ocrx_word' id='word_1_53' title='bbox 1182 1377 1265 1439; x_wconf 90' lang='lat' dir='ltr'>tu,</span> <span class='ocrx_word' id='word_1_54' title='bbox 1311 1367 1556 1438; x_wconf 88' lang='lat' dir='ltr'>Catulle,</span> <span class='ocrx_word' id='word_1_55' title='bbox 1606 1369 1931 1428; x_wconf 85' lang='lat' dir='ltr'>destinatus</span> <span class='ocrx_word' id='word_1_56' title='bbox 1978 1369 2260 1431; x_wconf 17' lang='lat' dir='ltr'>obdura..</span> 
     </span>
    </p>
   </div>
   <div class='ocr_carea' id='block_1_3' title="bbox 925 1557 2494 2515">
    <p class='ocr_par' dir='ltr' id='par_1_4' title="bbox 1063 1557 2191 1663">
     <span class='ocr_line' id='line_1_10' title="bbox 1063 1557 2191 1663; baseline -0.002 -13"><span class='ocrx_word' id='word_1_57' title='bbox 1063 1557 1354 1663; x_wconf 79' lang='lat' dir='ltr'>veranni,</span> <span class='ocrx_word' id='word_1_58' title='bbox 1403 1593 1677 1651; x_wconf 90' lang='lat' dir='ltr'>omnibus</span> <span class='ocrx_word' id='word_1_59' title='bbox 1723 1608 1756 1649; x_wconf 94' lang='lat' dir='ltr'>e</span> <span class='ocrx_word' id='word_1_60' title='bbox 1801 1592 1945 1650; x_wconf 89' lang='lat' dir='ltr'>meis</span> <span class='ocrx_word' id='word_1_61' title='bbox 1990 1590 2191 1649; x_wconf 90' lang='lat' dir='ltr'>amicis</span> 
     </span>
    </p>

    <p class='ocr_par' dir='ltr' id='par_1_5' title="bbox 925 1662 2245 1822">
     <span class='ocr_line' id='line_1_11' title="bbox 925 1662 2175 1740; baseline -0.004 -3"><span class='ocrx_word' id='word_1_62' title='bbox 925 1672 930 1680; x_wconf 80' lang='grc'><strong>’</strong></span> <span class='ocrx_word' id='word_1_63' title='bbox 989 1692 1036 1730; x_wconf 86' lang='lat'>1⁵</span> <span class='ocrx_word' id='word_1_64' title='bbox 1064 1677 1366 1737; x_wconf 83' lang='lat' dir='ltr'>Antistans</span> <span class='ocrx_word' id='word_1_65' title='bbox 1410 1677 1553 1736; x_wconf 90' lang='lat' dir='ltr'>mihi</span> <span class='ocrx_word' id='word_1_66' title='bbox 1597 1676 1833 1736; x_wconf 89' lang='lat' dir='ltr'>milibus</span> <span class='ocrx_word' id='word_1_67' title='bbox 1860 1662 2175 1740; x_wconf 82' lang='lat' dir='ltr'>trecentis,</span> 
     </span>
     <span class='ocr_line' id='line_1_12' title="bbox 1064 1763 2245 1822; baseline -0.002 -2"><span class='ocrx_word' id='word_1_68' title='bbox 1064 1764 1366 1822; x_wconf 88' lang='lat' dir='ltr'>Venistine</span> <span class='ocrx_word' id='word_1_69' title='bbox 1410 1764 1650 1821; x_wconf 90' lang='lat' dir='ltr'>domum</span> <span class='ocrx_word' id='word_1_70' title='bbox 1699 1763 1772 1819; x_wconf 91' lang='lat' dir='ltr'>ad</span> <span class='ocrx_word' id='word_1_71' title='bbox 1817 1769 1951 1821; x_wconf 89' lang='lat' dir='ltr'>tuos</span> <span class='ocrx_word' id='word_1_72' title='bbox 1996 1763 2245 1819; x_wconf 88' lang='lat' dir='ltr'>Penates</span> 
     </span>
    </p>

    <p class='ocr_par' dir='ltr' id='par_1_6' title="bbox 970 1840 2494 2090">
     <span class='ocr_line' id='line_1_13' title="bbox 970 1840 2444 1922; baseline -0.005 -11"><span class='ocrx_word' id='word_1_73' title='bbox 970 1906 976 1911; x_wconf 91' lang='lat'><strong><em>.</em></strong></span> <span class='ocrx_word' id='word_1_74' title='bbox 1065 1850 1416 1922; x_wconf 86' lang='lat' dir='ltr'>Fratresque</span> <span class='ocrx_word' id='word_1_75' title='bbox 1464 1849 1777 1906; x_wconf 88' lang='lat' dir='ltr'>unanimos</span> <span class='ocrx_word' id='word_1_76' title='bbox 1822 1862 2111 1920; x_wconf 91' lang='lat' dir='ltr'>suamque</span> <span class='ocrx_word' id='word_1_77' title='bbox 2156 1840 2444 1905; x_wconf 83' lang='lat' dir='ltr'>matrem?</span> 
     </span>
     <span class='ocr_line' id='line_1_14' title="bbox 1065 1930 2068 1993; baseline -0.001 -2"><span class='ocrx_word' id='word_1_78' title='bbox 1065 1934 1304 1993; x_wconf 90' lang='lat' dir='ltr'>Venisti.</span> <span class='ocrx_word' id='word_1_79' title='bbox 1381 1951 1416 1992; x_wconf 94' lang='lat' dir='ltr'>o</span> <span class='ocrx_word' id='word_1_80' title='bbox 1462 1933 1602 1991; x_wconf 91' lang='lat' dir='ltr'>mihi</span> <span class='ocrx_word' id='word_1_81' title='bbox 1647 1933 1838 1991; x_wconf 90' lang='lat' dir='ltr'>nuntii</span> <span class='ocrx_word' id='word_1_82' title='bbox 1882 1930 2068 1992; x_wconf 80' lang='lat' dir='ltr'>beati!</span> 
     </span>
     <span class='ocr_line' id='line_1_15' title="bbox 1064 2017 2494 2090; baseline 0 -14"><span class='ocrx_word' id='word_1_83' title='bbox 1064 2020 1259 2078; x_wconf 88' lang='lat' dir='ltr'>Visam</span> <span class='ocrx_word' id='word_1_84' title='bbox 1306 2027 1364 2078; x_wconf 90' lang='lat' dir='ltr'>te</span> <span class='ocrx_word' id='word_1_85' title='bbox 1407 2020 1763 2077; x_wconf 88' lang='lat' dir='ltr'>incolumem</span> <span class='ocrx_word' id='word_1_86' title='bbox 1809 2019 2167 2090; x_wconf 87' lang='lat' dir='ltr'>audiamque</span> <span class='ocrx_word' id='word_1_87' title='bbox 2211 2017 2494 2077; x_wconf 86' lang='lat' dir='ltr'>Hiberum</span> 
     </span>
    </p>

    <p class='ocr_par' dir='ltr' id='par_1_7' title="bbox 984 2104 2161 2175">
     <span class='ocr_line' id='line_1_16' title="bbox 984 2104 2161 2175; baseline 0.005 -20"><span class='ocrx_word' id='word_1_88' title='bbox 984 2119 1036 2156; x_wconf 84' lang='lat'>20</span> <span class='ocrx_word' id='word_1_89' title='bbox 1063 2105 1404 2163; x_wconf 83' lang='lat' dir='ltr'>Narrantem</span> <span class='ocrx_word' id='word_1_90' title='bbox 1454 2105 1602 2175; x_wconf 85' lang='lat' dir='ltr'>loca,</span> <span class='ocrx_word' id='word_1_91' title='bbox 1649 2105 1821 2175; x_wconf 86' lang='lat' dir='ltr'>facta,</span> <span class='ocrx_word' id='word_1_92' title='bbox 1869 2104 2161 2173; x_wconf 82' lang='lat' dir='ltr'>nationeS,</span> 
     </span>
    </p>

    <p class='ocr_par' dir='ltr' id='par_1_8' title="bbox 1065 2189 2376 2515">
     <span class='ocr_line' id='line_1_17' title="bbox 1065 2189 2376 2263; baseline -0.002 -14"><span class='ocrx_word' id='word_1_93' title='bbox 1065 2192 1139 2250; x_wconf 91' lang='lat' dir='ltr'>Ut</span> <span class='ocrx_word' id='word_1_94' title='bbox 1183 2206 1311 2248; x_wconf 90' lang='lat' dir='ltr'>mos</span> <span class='ocrx_word' id='word_1_95' title='bbox 1357 2197 1445 2248; x_wconf 88' lang='lat' dir='ltr'>est</span> <span class='ocrx_word' id='word_1_96' title='bbox 1487 2196 1644 2259; x_wconf 89' lang='lat' dir='ltr'>tuus,</span> <span class='ocrx_word' id='word_1_97' title='bbox 1695 2190 2115 2263; x_wconf 85' lang='lat' dir='ltr'>applicansque</span> <span class='ocrx_word' id='word_1_98' title='bbox 2160 2189 2376 2247; x_wconf 90' lang='lat' dir='ltr'>collum</span> 
     </span>
     <span class='ocr_line' id='line_1_18' title="bbox 1066 2273 2263 2347; baseline -0.002 -14"><span class='ocrx_word' id='word_1_99' title='bbox 1066 2275 1395 2334; x_wconf 90' lang='lat' dir='ltr'>Iocundum</span> <span class='ocrx_word' id='word_1_100' title='bbox 1444 2290 1509 2333; x_wconf 93' lang='lat' dir='ltr'>os</span> <span class='ocrx_word' id='word_1_101' title='bbox 1555 2276 1884 2347; x_wconf 91' lang='lat' dir='ltr'>oculosque</span> <span class='ocrx_word' id='word_1_102' title='bbox 1927 2273 2263 2333; x_wconf 86' lang='lat' dir='ltr'>suaviabor.</span> 
     </span>
     <span class='ocr_line' id='line_1_19' title="bbox 1068 2359 2330 2434; baseline -0.002 -16"><span class='ocrx_word' id='word_1_103' title='bbox 1068 2362 1114 2418; x_wconf 88' lang='grc' dir='ltr'><strong>Ο</strong></span> <span class='ocrx_word' id='word_1_104' title='bbox 1162 2367 1450 2434; x_wconf 88' lang='lat' dir='ltr'>quantum</span> <span class='ocrx_word' id='word_1_105' title='bbox 1495 2368 1583 2418; x_wconf 92' lang='lat' dir='ltr'>est</span> <span class='ocrx_word' id='word_1_106' title='bbox 1626 2360 1934 2419; x_wconf 78' lang='lat' dir='ltr'>hominum</span> <span class='ocrx_word' id='word_1_107' title='bbox 1979 2359 2330 2428; x_wconf 86' lang='lat' dir='ltr'>beatiorum,</span> 
     </span>
     <span class='ocr_line' id='line_1_20' title="bbox 1069 2439 2140 2515; baseline -0.002 -11"><span class='ocrx_word' id='word_1_108' title='bbox 1069 2446 1223 2515; x_wconf 84' lang='lat' dir='ltr'>Quid</span> <span class='ocrx_word' id='word_1_109' title='bbox 1267 2461 1361 2504; x_wconf 91' lang='lat' dir='ltr'>me</span> <span class='ocrx_word' id='word_1_110' title='bbox 1406 2446 1614 2505; x_wconf 88' lang='lat' dir='ltr'>laetius</span> <span class='ocrx_word' id='word_1_111' title='bbox 1661 2452 1751 2504; x_wconf 89' lang='lat' dir='ltr'>est</span> <span class='ocrx_word' id='word_1_112' title='bbox 1792 2439 2140 2504; x_wconf 85' lang='lat' dir='ltr'>beatiusve?</span> 
     </span>
    </p>
   </div>
   <div class='ocr_carea' id='block_1_4' title="bbox 960 2615 2563 3580">
    <p class='ocr_par' dir='ltr' id='par_1_9' title="bbox 960 2615 2563 3066">
     <span class='ocr_line' id='line_1_21' title="bbox 960 2615 2208 2734; baseline 0.006 -29"><span class='ocrx_word' id='word_1_113' title='bbox 960 2666 1040 2734; x_wconf 12' lang='lat'>*25</span> <span class='ocrx_word' id='word_1_114' title='bbox 1067 2615 1272 2712; x_wconf 82' lang='lat' dir='ltr'>Varus</span> <span class='ocrx_word' id='word_1_115' title='bbox 1317 2669 1412 2712; x_wconf 90' lang='lat' dir='ltr'>me</span> <span class='ocrx_word' id='word_1_116' title='bbox 1455 2670 1623 2713; x_wconf 90' lang='lat' dir='ltr'>meus</span> <span class='ocrx_word' id='word_1_117' title='bbox 1668 2652 1744 2712; x_wconf 85' lang='lat' dir='ltr'>ad</span> <span class='ocrx_word' id='word_1_118' title='bbox 1789 2669 1931 2713; x_wconf 90' lang='lat' dir='ltr'>suos</span> <span class='ocrx_word' id='word_1_119' title='bbox 1977 2668 2208 2712; x_wconf 90' lang='lat' dir='ltr'>amores</span> 
     </span>
     <span class='ocr_line' id='line_1_22' title="bbox 1067 2739 2137 2809; baseline 0 -13"><span class='ocrx_word' id='word_1_120' title='bbox 1067 2739 1268 2797; x_wconf 90' lang='lat' dir='ltr'>Visum</span> <span class='ocrx_word' id='word_1_121' title='bbox 1316 2741 1565 2798; x_wconf 87' lang='lat' dir='ltr'>duxerat</span> <span class='ocrx_word' id='word_1_122' title='bbox 1609 2756 1642 2798; x_wconf 94' lang='lat' dir='ltr'>e</span> <span class='ocrx_word' id='word_1_123' title='bbox 1687 2740 1816 2797; x_wconf 86' lang='lat' dir='ltr'>foro</span> <span class='ocrx_word' id='word_1_124' title='bbox 1864 2740 2137 2809; x_wconf 90' lang='lat' dir='ltr'>otiosum,</span> 
     </span>
     <span class='ocr_line' id='line_1_23' title="bbox 1067 2823 2563 2898; baseline -0.003 -15"><span class='ocrx_word' id='word_1_125' title='bbox 1067 2826 1421 2896; x_wconf 88' lang='lat' dir='ltr'>Scortillum,</span> <span class='ocrx_word' id='word_1_126' title='bbox 1469 2832 1534 2883; x_wconf 91' lang='lat' dir='ltr'>ut</span> <span class='ocrx_word' id='word_1_127' title='bbox 1576 2824 1719 2883; x_wconf 90' lang='lat' dir='ltr'>mihi</span> <span class='ocrx_word' id='word_1_128' title='bbox 1765 2831 1890 2884; x_wconf 89' lang='lat' dir='ltr'>tum</span> <span class='ocrx_word' id='word_1_129' title='bbox 1932 2829 2176 2898; x_wconf 83' lang='lat' dir='ltr'>repente</span> <span class='ocrx_word' id='word_1_130' title='bbox 2221 2823 2410 2879; x_wconf 91' lang='lat' dir='ltr'>visum</span> <span class='ocrx_word' id='word_1_131' title='bbox 2458 2829 2563 2893; x_wconf 89' lang='lat' dir='ltr'>est,</span> 
     </span>
     <span class='ocr_line' id='line_1_24' title="bbox 1067 2909 2432 2984; baseline -0.002 -17"><span class='ocrx_word' id='word_1_132' title='bbox 1067 2910 1194 2968; x_wconf 93' lang='lat' dir='ltr'>Non</span> <span class='ocrx_word' id='word_1_133' title='bbox 1240 2927 1384 2969; x_wconf 91' lang='lat' dir='ltr'>sane</span> <span class='ocrx_word' id='word_1_134' title='bbox 1427 2910 1751 2984; x_wconf 87' lang='lat' dir='ltr'>inlepidum</span> <span class='ocrx_word' id='word_1_135' title='bbox 1795 2925 1991 2983; x_wconf 90' lang='lat' dir='ltr'>neque</span> <span class='ocrx_word' id='word_1_136' title='bbox 2032 2909 2432 2968; x_wconf 89' lang='lat' dir='ltr'>invenustum.</span> 
     </span>
     <span class='ocr_line' id='line_1_25' title="bbox 1069 2994 2168 3066; baseline -0.001 -13"><span class='ocrx_word' id='word_1_137' title='bbox 1069 2997 1197 3055; x_wconf 92' lang='lat' dir='ltr'>Huc</span> <span class='ocrx_word' id='word_1_138' title='bbox 1241 3004 1307 3054; x_wconf 84' lang='lat' dir='ltr'>ut</span> <span class='ocrx_word' id='word_1_139' title='bbox 1350 2996 1641 3066; x_wconf 84' lang='lat' dir='ltr'>venimus,</span> <span class='ocrx_word' id='word_1_140' title='bbox 1690 2995 1950 3054; x_wconf 87' lang='lat' dir='ltr'>incidere</span> <span class='ocrx_word' id='word_1_141' title='bbox 1996 2994 2168 3053; x_wconf 91' lang='lat' dir='ltr'>nobis</span> 
     </span>
    </p>

    <p class='ocr_par' dir='ltr' id='par_1_10' title="bbox 985 3080 2373 3155">
     <span class='ocr_line' id='line_1_26' title="bbox 985 3080 2373 3155; baseline -0.003 -15"><span class='ocrx_word' id='word_1_142' title='bbox 985 3094 1039 3132; x_wconf 82' lang='lat'>³0</span> <span class='ocrx_word' id='word_1_143' title='bbox 1065 3083 1380 3140; x_wconf 84' lang='lat' dir='ltr'>Sermones</span> <span class='ocrx_word' id='word_1_144' title='bbox 1427 3083 1590 3152; x_wconf 85' lang='lat' dir='ltr'>varii,</span> <span class='ocrx_word' id='word_1_145' title='bbox 1638 3081 1698 3139; x_wconf 89' lang='lat' dir='ltr'>in</span> <span class='ocrx_word' id='word_1_146' title='bbox 1746 3081 1981 3155; x_wconf 81' lang='lat' dir='ltr'>quibuS,</span> <span class='ocrx_word' id='word_1_147' title='bbox 2029 3080 2171 3154; x_wconf 89' lang='lat' dir='ltr'>quid</span> <span class='ocrx_word' id='word_1_148' title='bbox 2216 3086 2373 3137; x_wconf 89' lang='lat' dir='ltr'>esset</span> 
     </span>
    </p>

    <p class='ocr_par' dir='ltr' id='par_1_11' title="bbox 984 3165 2486 3496">
     <span class='ocr_line' id='line_1_27' title="bbox 984 3165 2334 3247; baseline -0.001 -23"><span class='ocrx_word' id='word_1_149' title='bbox 984 3165 1023 3224; x_wconf 88' lang='grc'><strong>6</strong></span> <span class='ocrx_word' id='word_1_150' title='bbox 1069 3168 1190 3224; x_wconf 91' lang='lat' dir='ltr'>Iam</span> <span class='ocrx_word' id='word_1_151' title='bbox 1235 3168 1526 3242; x_wconf 84' lang='lat' dir='ltr'>Bithynia,</span> <span class='ocrx_word' id='word_1_152' title='bbox 1575 3182 1693 3240; x_wconf 92' lang='lat' dir='ltr'>quo</span> <span class='ocrx_word' id='word_1_153' title='bbox 1740 3168 1917 3225; x_wconf 89' lang='lat' dir='ltr'>modo</span> <span class='ocrx_word' id='word_1_154' title='bbox 1962 3183 2027 3225; x_wconf 94' lang='lat' dir='ltr'>se</span> <span class='ocrx_word' id='word_1_155' title='bbox 2071 3166 2334 3247; x_wconf 85' lang='lat' dir='ltr'>haberet,</span> 
     </span>
     <span class='ocr_line' id='line_1_28' title="bbox 1071 3252 2162 3326; baseline -0.003 -15"><span class='ocrx_word' id='word_1_156' title='bbox 1071 3254 1411 3326; x_wconf 64' lang='lat' dir='ltr'>Ecquonqm</span> <span class='ocrx_word' id='word_1_157' title='bbox 1456 3252 1598 3310; x_wconf 89' lang='lat' dir='ltr'>mihi</span> <span class='ocrx_word' id='word_1_158' title='bbox 1643 3253 1964 3325; x_wconf 85' lang='lat' dir='ltr'>profuisset</span> <span class='ocrx_word' id='word_1_159' title='bbox 2008 3267 2162 3310; x_wconf 88' lang='lat' dir='ltr'>aere.</span> 
     </span>
     <span class='ocr_line' id='line_1_29' title="bbox 1069 3336 2486 3411; baseline -0.001 -16"><span class='ocrx_word' id='word_1_160' title='bbox 1069 3338 1367 3411; x_wconf 86' lang='lat' dir='ltr'>Respondi</span> <span class='ocrx_word' id='word_1_161' title='bbox 1411 3338 1471 3395; x_wconf 90' lang='lat' dir='ltr'>id</span> <span class='ocrx_word' id='word_1_162' title='bbox 1519 3338 1679 3410; x_wconf 90' lang='lat' dir='ltr'>quod</span> <span class='ocrx_word' id='word_1_163' title='bbox 1725 3344 1868 3409; x_wconf 88' lang='lat' dir='ltr'>erat,</span> <span class='ocrx_word' id='word_1_164' title='bbox 1915 3337 2059 3396; x_wconf 91' lang='lat' dir='ltr'>nihil</span> <span class='ocrx_word' id='word_1_165' title='bbox 2105 3350 2300 3409; x_wconf 89' lang='lat' dir='ltr'>neque</span> <span class='ocrx_word' id='word_1_166' title='bbox 2344 3336 2486 3410; x_wconf 89' lang='lat' dir='ltr'>ipsis</span> 
     </span>
     <span class='ocr_line' id='line_1_30' title="bbox 1068 3422 2225 3496; baseline 0.003 -16"><span class='ocrx_word' id='word_1_167' title='bbox 1068 3423 1186 3481; x_wconf 89' lang='lat' dir='ltr'>Nec</span> <span class='ocrx_word' id='word_1_168' title='bbox 1228 3422 1602 3496; x_wconf 85' lang='lat' dir='ltr'>praetoribus</span> <span class='ocrx_word' id='word_1_169' title='bbox 1648 3437 1779 3481; x_wconf 88' lang='lat' dir='ltr'>esse</span> <span class='ocrx_word' id='word_1_170' title='bbox 1823 3438 1934 3481; x_wconf 90' lang='lat' dir='ltr'>nec</span> <span class='ocrx_word' id='word_1_171' title='bbox 1977 3422 2225 3484; x_wconf 77' lang='lat' dir='ltr'>cohorti.</span> 
     </span>
    </p>

    <p class='ocr_par' dir='ltr' id='par_1_12' title="bbox 1015 3507 2354 3580">
     <span class='ocr_line' id='line_1_31' title="bbox 1015 3507 2354 3580; baseline -0.001 -15"><span class='ocrx_word' id='word_1_172' title='bbox 1015 3519 1040 3559; x_wconf 84' lang='lat'>5</span> <span class='ocrx_word' id='word_1_173' title='bbox 1069 3507 1187 3566; x_wconf 89' lang='lat' dir='ltr'>Cur</span> <span class='ocrx_word' id='word_1_174' title='bbox 1231 3508 1542 3580; x_wconf 89' lang='lat' dir='ltr'>quisquam</span> <span class='ocrx_word' id='word_1_175' title='bbox 1591 3515 1768 3580; x_wconf 87' lang='lat' dir='ltr'>caput</span> <span class='ocrx_word' id='word_1_176' title='bbox 1810 3508 2046 3566; x_wconf 90' lang='lat' dir='ltr'>unctius</span> <span class='ocrx_word' id='word_1_177' title='bbox 2090 3509 2354 3576; x_wconf 87' lang='lat' dir='ltr'>referret,</span> 
     </span>
    </p>
   </div>
   <div class='ocr_carea' id='block_1_5' title="bbox 846 3657 3020 4063">
    <p class='ocr_par' dir='ltr' id='par_1_13' title="bbox 846 3657 3020 4063">
     <span class='ocr_line' id='line_1_32' title="bbox 1036 3657 2920 3727; baseline -0.002 -15"><span class='ocrx_word' id='word_1_178' title='bbox 1036 3658 1089 3721; x_wconf 89' lang='lat'>5,</span> <span class='ocrx_word' id='word_1_179' title='bbox 1127 3671 1165 3710; x_wconf 85' lang='grc'>9.</span> <span class='ocrx_word' id='word_1_180' title='bbox 1203 3673 1305 3711; x_wconf 79' lang='lat' dir='ltr'>vae</span> <span class='ocrx_word' id='word_1_181' title='bbox 1344 3663 1400 3711; x_wconf 80' lang='lat' dir='ltr'>te</span> <span class='ocrx_word' id='word_1_182' title='bbox 1438 3658 1508 3710; x_wconf 89' lang='grc' dir='ltr'>Β.</span> <span class='ocrx_word' id='word_1_183' title='bbox 1560 3657 1805 3714; x_wconf 77' lang='lat' dir='ltr'>Venator.</span> <span class='ocrx_word' id='word_1_184' title='bbox 1931 3657 2034 3721; x_wconf 83' lang='lat' dir='ltr'>tibi</span> <span class='ocrx_word' id='word_1_185' title='bbox 2076 3678 2156 3711; x_wconf 84' lang='lat' dir='ltr'>om</span> <span class='ocrx_word' id='word_1_186' title='bbox 2192 3657 2256 3714; x_wconf 88' lang='lat' dir='ltr'>L.</span> <span class='ocrx_word' id='word_1_187' title='bbox 2293 3657 2399 3711; x_wconf 84' lang='lat' dir='ltr'>tibi</span> <span class='ocrx_word' id='word_1_188' title='bbox 2437 3674 2580 3727; x_wconf 83' lang='lat' dir='ltr'>quae</span> <span class='ocrx_word' id='word_1_189' title='bbox 2618 3659 2920 3712; x_wconf 73' lang='lat' dir='ltr'>Parisinus.</span> 
     </span>
     <span class='ocr_line' id='line_1_33' title="bbox 897 3727 3017 3795; baseline 0.003 -16"><span class='ocrx_word' id='word_1_190' title='bbox 897 3741 959 3781; x_wconf 84' lang='lat'><strong><em>14.</em></strong></span> <span class='ocrx_word' id='word_1_191' title='bbox 1000 3728 1266 3781; x_wconf 73' lang='lat' dir='ltr'>Vei-amni</span> <span class='ocrx_word' id='word_1_192' title='bbox 1305 3744 1376 3781; x_wconf 86' lang='lat' dir='ltr'>ex</span> <span class='ocrx_word' id='word_1_193' title='bbox 1412 3728 1671 3783; x_wconf 82' lang='lat' dir='ltr'>omnibus</span> <span class='ocrx_word' id='word_1_194' title='bbox 1712 3730 1849 3783; x_wconf 82' lang='lat' dir='ltr'>meis</span> <span class='ocrx_word' id='word_1_195' title='bbox 1887 3729 1949 3780; x_wconf 90' lang='lat' dir='ltr'>L.</span> <span class='ocrx_word' id='word_1_196' title='bbox 2044 3740 2104 3779; x_wconf 86' lang='lat'><strong><em>15.</em></strong></span> <span class='ocrx_word' id='word_1_197' title='bbox 2144 3727 2403 3782; x_wconf 81' lang='lat' dir='ltr'>Antistas</span> <span class='ocrx_word' id='word_1_198' title='bbox 2441 3730 2588 3795; x_wconf 61' lang='lat' dir='ltr'>DL.</span> <span class='ocrx_word' id='word_1_199' title='bbox 2656 3729 2790 3781; x_wconf 89' lang='lat' dir='ltr'>mihi</span> <span class='ocrx_word' id='word_1_200' title='bbox 2827 3748 2910 3781; x_wconf 85' lang='lat' dir='ltr'>om</span> <span class='ocrx_word' id='word_1_201' title='bbox 2947 3733 3017 3786; x_wconf 90' lang='lat' dir='ltr'>D.</span> 
     </span>
     <span class='ocr_line' id='line_1_34' title="bbox 969 3796 2911 3868; baseline 0.003 -19"><span class='ocrx_word' id='word_1_202' title='bbox 969 3810 1030 3849; x_wconf 83' lang='lat'><strong><em>17.</em></strong></span> <span class='ocrx_word' id='word_1_203' title='bbox 1071 3814 1180 3851; x_wconf 89' lang='lat' dir='ltr'>uno</span> <span class='ocrx_word' id='word_1_204' title='bbox 1219 3798 1400 3853; x_wconf 81' lang='lat' dir='ltr'>animo</span> <span class='ocrx_word' id='word_1_205' title='bbox 1437 3800 1501 3851; x_wconf 90' lang='lat' dir='ltr'>L.</span> <span class='ocrx_word' id='word_1_206' title='bbox 1526 3796 1538 3810; x_wconf 74' lang='lat'><em>⁶</em></span> <span class='ocrx_word' id='word_1_207' title='bbox 1646 3815 1948 3868; x_wconf 81' lang='lat' dir='ltr'>sanamque</span> <span class='ocrx_word' id='word_1_208' title='bbox 1984 3800 2286 3853; x_wconf 70' lang='lat' dir='ltr'>Parisinus.</span> <span class='ocrx_word' id='word_1_209' title='bbox 2337 3814 2610 3868; x_wconf 84' lang='lat' dir='ltr'>anumque</span> <span class='ocrx_word' id='word_1_210' title='bbox 2651 3798 2911 3854; x_wconf 60' lang='lat' dir='ltr'>Faernuel</span> 
     </span>
     <span class='ocr_line' id='line_1_35' title="bbox 897 3868 3020 3937; baseline 0.001 -17"><span class='ocrx_word' id='word_1_211' title='bbox 897 3883 959 3925; x_wconf 73' lang='lat'><strong><em>19.</em></strong></span> <span class='ocrx_word' id='word_1_212' title='bbox 1008 3868 1320 3937; x_wconf 79' lang='lat' dir='ltr'>visamque</span> <span class='ocrx_word' id='word_1_213' title='bbox 1360 3870 1692 3924; x_wconf 87' lang='lat' dir='ltr'>incolumem</span> <span class='ocrx_word' id='word_1_214' title='bbox 1728 3872 1799 3923; x_wconf 90' lang='lat' dir='ltr'>D.</span> <span class='ocrx_word' id='word_1_215' title='bbox 1930 3882 1991 3922; x_wconf 85' lang='lat'><strong><em>21.</em></strong></span> <span class='ocrx_word' id='word_1_216' title='bbox 2032 3870 2143 3923; x_wconf 80' lang='lat' dir='ltr'>tuis</span> <span class='ocrx_word' id='word_1_217' title='bbox 2182 3868 2247 3934; x_wconf 91' lang='lat' dir='ltr'><strong><em>L,</em></strong></span> <span class='ocrx_word' id='word_1_218' title='bbox 2286 3872 2435 3922; x_wconf 82' lang='lat' dir='ltr'>tuum</span> <span class='ocrx_word' id='word_1_219' title='bbox 2476 3870 2545 3921; x_wconf 88' lang='lat' dir='ltr'>D.</span> <span class='ocrx_word' id='word_1_220' title='bbox 2693 3883 2755 3921; x_wconf 82' lang='lat'>22.</span> <span class='ocrx_word' id='word_1_221' title='bbox 2792 3870 3020 3924; x_wconf 84' lang='lat' dir='ltr'>suabior</span> 
     </span>
     <span class='ocr_line' id='line_1_36' title="bbox 898 3939 3017 4005; baseline 0.001 -14"><span class='ocrx_word' id='word_1_222' title='bbox 898 3939 963 3995; x_wconf 91' lang='lat' dir='ltr'>L.</span> <span class='ocrx_word' id='word_1_223' title='bbox 1072 3952 1135 3991; x_wconf 77' lang='lat'>25.</span> <span class='ocrx_word' id='word_1_224' title='bbox 1175 3939 1383 3993; x_wconf 84' lang='lat' dir='ltr'>Varius</span> <span class='ocrx_word' id='word_1_225' title='bbox 1421 3941 1484 4005; x_wconf 88' lang='lat' dir='ltr'>L,</span> <span class='ocrx_word' id='word_1_226' title='bbox 1526 3940 1845 3994; x_wconf 74' lang='lat' dir='ltr'>Verennius</span> <span class='ocrx_word' id='word_1_227' title='bbox 1881 3942 1953 3993; x_wconf 90' lang='lat' dir='ltr'>D.</span> <span class='ocrx_word' id='word_1_228' title='bbox 2061 3951 2123 3992; x_wconf 83' lang='lat'>2⁷.</span> <span class='ocrx_word' id='word_1_229' title='bbox 2162 3942 2224 3992; x_wconf 82' lang='lat' dir='ltr'>ut</span> <span class='ocrx_word' id='word_1_230' title='bbox 2259 3942 2393 3993; x_wconf 84' lang='lat' dir='ltr'>tunc</span> <span class='ocrx_word' id='word_1_231' title='bbox 2430 3939 2561 3993; x_wconf 88' lang='lat' dir='ltr'>mihi</span> <span class='ocrx_word' id='word_1_232' title='bbox 2599 3940 2664 3997; x_wconf 90' lang='lat' dir='ltr'>L.</span> <span class='ocrx_word' id='word_1_233' title='bbox 2704 3943 2837 3995; x_wconf 86' lang='lat' dir='ltr'>tunc</span> <span class='ocrx_word' id='word_1_234' title='bbox 2874 3942 3017 3994; x_wconf 83' lang='lat' dir='ltr'>Lau-</span> 
     </span>
     <span class='ocr_line' id='line_1_37' title="bbox 846 4012 1197 4063; baseline 0.006 -1"><span class='ocrx_word' id='word_1_235' title='bbox 846 4036 863 4044; x_wconf 50' lang='lat'><em>*</em></span> <span class='ocrx_word' id='word_1_236' title='bbox 897 4012 1197 4063; x_wconf 74' lang='lat' dir='ltr'>remiamw.</span> 
     </span>
    </p>
   </div>
   <div class='ocr_carea' id='block_1_6' title="bbox 897 4096 3017 4311">
    <p class='ocr_par' dir='ltr' id='par_1_14' title="bbox 897 4096 3017 4311">
     <span class='ocr_line' id='line_1_38' title="bbox 1043 4096 3017 4179; baseline 0.001 -29"><span class='ocrx_word' id='word_1_237' title='bbox 1043 4098 1093 4160; x_wconf 88' lang='lat'>6,</span> <span class='ocrx_word' id='word_1_238' title='bbox 1135 4108 1173 4147; x_wconf 92' lang='lat'><strong><em>1.</em></strong></span> <span class='ocrx_word' id='word_1_239' title='bbox 1215 4099 1297 4165; x_wconf 83' lang='lat' dir='ltr'>se]</span> <span class='ocrx_word' id='word_1_240' title='bbox 1336 4112 1505 4164; x_wconf 81' lang='lat' dir='ltr'>posse</span> <span class='ocrx_word' id='word_1_241' title='bbox 1530 4098 1649 4155; x_wconf 89' lang='lat' dir='ltr'>DL.</span> <span class='ocrx_word' id='word_1_242' title='bbox 1757 4112 1796 4153; x_wconf 82' lang='lat'>2.</span> <span class='ocrx_word' id='word_1_243' title='bbox 1834 4098 1912 4151; x_wconf 85' lang='lat' dir='ltr'>Et</span> <span class='ocrx_word' id='word_1_244' title='bbox 1948 4096 2210 4179; x_wconf 85' lang='lat' dir='ltr'>quoniam</span> <span class='ocrx_word' id='word_1_245' title='bbox 2236 4099 2308 4160; x_wconf 92' lang='lat' dir='ltr'>D,</span> <span class='ocrx_word' id='word_1_246' title='bbox 2348 4096 2424 4149; x_wconf 84' lang='lat' dir='ltr'>Et</span> <span class='ocrx_word' id='word_1_247' title='bbox 2462 4097 2720 4166; x_wconf 87' lang='lat' dir='ltr'>quoniam</span> <span class='ocrx_word' id='word_1_248' title='bbox 2747 4099 2828 4149; x_wconf 91' lang='lat' dir='ltr'><strong><em>L</em></strong></span> <span class='ocrx_word' id='word_1_249' title='bbox 2848 4116 3017 4152; x_wconf 76' lang='lat' dir='ltr'>corre-</span> 
     </span>
     <span class='ocr_line' id='line_1_39' title="bbox 897 4166 3014 4237; baseline 0.003 -20"><span class='ocrx_word' id='word_1_250' title='bbox 897 4168 976 4218; x_wconf 74' lang='lat' dir='ltr'>xit</span> <span class='ocrx_word' id='word_1_251' title='bbox 1015 4167 1238 4224; x_wconf 70' lang='lat' dir='ltr'>Statius.</span> <span class='ocrx_word' id='word_1_252' title='bbox 1348 4168 1480 4222; x_wconf 85' lang='lat' dir='ltr'>here</span> <span class='ocrx_word' id='word_1_253' title='bbox 1516 4171 1586 4221; x_wconf 91' lang='lat' dir='ltr'><strong><em>D.</em></strong></span> <span class='ocrx_word' id='word_1_254' title='bbox 1697 4183 1736 4225; x_wconf 85' lang='lat'>3.</span> <span class='ocrx_word' id='word_1_255' title='bbox 1777 4183 1956 4237; x_wconf 86' lang='lat' dir='ltr'>neque</span> <span class='ocrx_word' id='word_1_256' title='bbox 1994 4166 2135 4235; x_wconf 78' lang='lat' dir='ltr'>ipsis</span> <span class='ocrx_word' id='word_1_257' title='bbox 2174 4166 2463 4221; x_wconf 71' lang='lat' dir='ltr'>Parisinus</span> <span class='ocrx_word' id='word_1_258' title='bbox 2499 4178 2551 4221; x_wconf 79' lang='lat' dir='ltr'>et</span> <span class='ocrx_word' id='word_1_259' title='bbox 2586 4168 3014 4223; x_wconf 69' lang='lat' dir='ltr'>Laurentinum·</span> 
     </span>
     <span class='ocr_line' id='line_1_40' title="bbox 901 4236 2775 4311; baseline 0.002 -21"><span class='ocrx_word' id='word_1_260' title='bbox 901 4252 1084 4306; x_wconf 88' lang='lat' dir='ltr'>neque</span> <span class='ocrx_word' id='word_1_261' title='bbox 1123 4236 1179 4289; x_wconf 90' lang='lat' dir='ltr'>in</span> <span class='ocrx_word' id='word_1_262' title='bbox 1218 4238 1359 4309; x_wconf 83' lang='lat' dir='ltr'>ipsis</span> <span class='ocrx_word' id='word_1_263' title='bbox 1397 4241 1468 4303; x_wconf 94' lang='lat' dir='ltr'>D,</span> <span class='ocrx_word' id='word_1_264' title='bbox 1509 4254 1693 4311; x_wconf 90' lang='lat' dir='ltr'>neque</span> <span class='ocrx_word' id='word_1_265' title='bbox 1731 4241 1837 4294; x_wconf 84' lang='lat' dir='ltr'>nec</span> <span class='ocrx_word' id='word_1_266' title='bbox 1872 4239 1931 4291; x_wconf 87' lang='lat' dir='ltr'>in</span> <span class='ocrx_word' id='word_1_267' title='bbox 1967 4236 2109 4307; x_wconf 85' lang='lat' dir='ltr'>ipsis</span> <span class='ocrx_word' id='word_1_268' title='bbox 2147 4237 2212 4293; x_wconf 87' lang='lat' dir='ltr'>L.</span> <span class='ocrx_word' id='word_1_269' title='bbox 2264 4299 2270 4302; x_wconf 20' lang='lat'>⁸</span> <span class='ocrx_word' id='word_1_270' title='bbox 2354 4249 2396 4289; x_wconf 81' lang='lat'>4.</span> <span class='ocrx_word' id='word_1_271' title='bbox 2433 4236 2560 4292; x_wconf 89' lang='lat' dir='ltr'>Nec</span> <span class='ocrx_word' id='word_1_272' title='bbox 2598 4257 2680 4293; x_wconf 84' lang='lat' dir='ltr'>om</span> <span class='ocrx_word' id='word_1_273' title='bbox 2715 4240 2775 4294; x_wconf 80' lang='lat' dir='ltr'>L.</span> 
     </span>
    </p>
   </div>
  </div>
 </body>
</html>
