<?xml version="1.0" encoding="UTF-8"?>
<!DOCTYPE html PUBLIC "-//W3C//DTD XHTML 1.0 Transitional//EN"
    "http://www.w3.org/TR/xhtml1/DTD/xhtml1-transitional.dtd">
<html xmlns="http://www.w3.org/1999/xhtml" xml:lang="en" lang="en">
 <head>
  <title>
</title>
<meta http-equiv="Content-Type" content="text/html;charset=utf-8" />
  <meta name='ocr-system' content='tesseract 3.04.00' />
  <meta name='ocr-capabilities' content='ocr_page ocr_carea ocr_par ocr_line ocrx_word'/>
</head>
<body>
  <div class='ocr_page' id='page_1' title='image "./qvaleriicatulli04catugoog_0035.png"; bbox 0 0 3364 5328; ppageno 0'>
   <div class='ocr_carea' id='block_1_1' title="bbox 932 599 2465 669">
    <p class='ocr_par' dir='ltr' id='par_1_1' title="bbox 932 599 2465 669">
     <span class='ocr_line' id='line_1_1' title="bbox 932 599 2465 669; baseline -0.001 -15"><span class='ocrx_word' id='word_1_1' title='bbox 932 599 1353 656; x_wconf 80' lang='lat' dir='ltr'>GA&#39;I&#39;ULLUS</span> <span class='ocrx_word' id='word_1_2' title='bbox 1390 602 1477 666; x_wconf 81' lang='lat'>37,</span> <span class='ocrx_word' id='word_1_3' title='bbox 1524 612 1582 654; x_wconf 74' lang='lat'>13</span> <span class='ocrx_word' id='word_1_4' title='bbox 1606 602 1669 641; x_wconf 72' lang='lat'>-&#39;-</span> <span class='ocrx_word' id='word_1_5' title='bbox 1693 604 1779 667; x_wconf 85' lang='lat'>39,</span> <span class='ocrx_word' id='word_1_6' title='bbox 1826 613 1900 654; x_wconf 90' lang='lat'>11.</span> <span class='ocrx_word' id='word_1_7' title='bbox 2385 607 2465 669; x_wconf 87' lang='lat'>23</span> 
     </span>
    </p>
   </div>
   <div class='ocr_carea' id='block_1_2' title="bbox 430 776 2134 1439">
    <p class='ocr_par' dir='ltr' id='par_1_2' title="bbox 514 776 1953 937">
     <span class='ocr_line' id='line_1_2' title="bbox 515 776 1953 853; baseline -0.001 -14"><span class='ocrx_word' id='word_1_8' title='bbox 515 783 630 839; x_wconf 87' lang='lat' dir='ltr'>Pro</span> <span class='ocrx_word' id='word_1_9' title='bbox 678 795 793 852; x_wconf 86' lang='lat' dir='ltr'>qua</span> <span class='ocrx_word' id='word_1_10' title='bbox 840 776 982 835; x_wconf 90' lang='lat' dir='ltr'>mihi</span> <span class='ocrx_word' id='word_1_11' title='bbox 1029 784 1170 834; x_wconf 87' lang='lat' dir='ltr'>sunt</span> <span class='ocrx_word' id='word_1_12' title='bbox 1212 793 1427 851; x_wconf 84' lang='lat' dir='ltr'>magna</span> <span class='ocrx_word' id='word_1_13' title='bbox 1471 777 1627 836; x_wconf 84' lang='lat' dir='ltr'>bella</span> <span class='ocrx_word' id='word_1_14' title='bbox 1673 787 1953 853; x_wconf 83' lang='lat' dir='ltr'>pugnata,</span> 
     </span>
     <span class='ocr_line' id='line_1_3' title="bbox 514 862 1718 937; baseline -0.001 -13"><span class='ocrx_word' id='word_1_15' title='bbox 514 866 796 925; x_wconf 82' lang='lat' dir='ltr'>Consedit</span> <span class='ocrx_word' id='word_1_16' title='bbox 839 863 986 921; x_wconf 86' lang='lat' dir='ltr'>istic.</span> <span class='ocrx_word' id='word_1_17' title='bbox 1056 863 1209 920; x_wconf 85' lang='lat' dir='ltr'>hanc</span> <span class='ocrx_word' id='word_1_18' title='bbox 1255 862 1395 921; x_wconf 92' lang='lat' dir='ltr'>boni</span> <span class='ocrx_word' id='word_1_19' title='bbox 1443 863 1718 937; x_wconf 81' lang='lat' dir='ltr'>beatique</span> 
     </span>
    </p>

    <p class='ocr_par' dir='ltr' id='par_1_3' title="bbox 458 949 2134 1368">
     <span class='ocr_line' id='line_1_4' title="bbox 458 949 2134 1025; baseline 0 -15"><span class='ocrx_word' id='word_1_20' title='bbox 458 964 482 1002; x_wconf 85' lang='lat'>⁵</span> <span class='ocrx_word' id='word_1_21' title='bbox 514 955 731 1011; x_wconf 85' lang='lat' dir='ltr'>Omnes</span> <span class='ocrx_word' id='word_1_22' title='bbox 777 949 1007 1020; x_wconf 83' lang='lat' dir='ltr'>amatiS,</span> <span class='ocrx_word' id='word_1_23' title='bbox 1055 954 1113 1005; x_wconf 86' lang='lat' dir='ltr'>et</span> <span class='ocrx_word' id='word_1_24' title='bbox 1157 949 1416 1021; x_wconf 87' lang='lat' dir='ltr'>quidem,</span> <span class='ocrx_word' id='word_1_25' title='bbox 1465 952 1623 1020; x_wconf 87' lang='lat' dir='ltr'>quod</span> <span class='ocrx_word' id='word_1_26' title='bbox 1674 951 1982 1025; x_wconf 80' lang='lat' dir='ltr'>indignum</span> <span class='ocrx_word' id='word_1_27' title='bbox 2027 960 2134 1020; x_wconf 89' lang='lat' dir='ltr'>est,</span> 
     </span>
     <span class='ocr_line' id='line_1_5' title="bbox 516 1034 1713 1108; baseline -0.003 -12"><span class='ocrx_word' id='word_1_28' title='bbox 516 1040 734 1097; x_wconf 85' lang='lat' dir='ltr'>Omnes</span> <span class='ocrx_word' id='word_1_29' title='bbox 781 1034 977 1108; x_wconf 86' lang='lat' dir='ltr'>pusilli</span> <span class='ocrx_word' id='word_1_30' title='bbox 1023 1039 1081 1091; x_wconf 86' lang='lat' dir='ltr'>et</span> <span class='ocrx_word' id='word_1_31' title='bbox 1124 1034 1404 1091; x_wconf 85' lang='lat' dir='ltr'>semitarii</span> <span class='ocrx_word' id='word_1_32' title='bbox 1449 1036 1713 1106; x_wconf 89' lang='lat' dir='ltr'>moechi;</span> 
     </span>
     <span class='ocr_line' id='line_1_6' title="bbox 511 1121 1763 1197; baseline -0.003 -15"><span class='ocrx_word' id='word_1_33' title='bbox 511 1126 597 1182; x_wconf 89' lang='lat' dir='ltr'>Tu</span> <span class='ocrx_word' id='word_1_34' title='bbox 643 1127 877 1197; x_wconf 87' lang='lat' dir='ltr'>praeter</span> <span class='ocrx_word' id='word_1_35' title='bbox 922 1134 1128 1178; x_wconf 89' lang='lat' dir='ltr'>omnes</span> <span class='ocrx_word' id='word_1_36' title='bbox 1175 1134 1292 1176; x_wconf 91' lang='lat' dir='ltr'>une</span> <span class='ocrx_word' id='word_1_37' title='bbox 1337 1121 1410 1177; x_wconf 88' lang='lat' dir='ltr'>de</span> <span class='ocrx_word' id='word_1_38' title='bbox 1456 1121 1763 1192; x_wconf 81' lang='lat' dir='ltr'>capillatiS,</span> 
     </span>
     <span class='ocr_line' id='line_1_7' title="bbox 510 1204 1416 1267; baseline -0.003 -2"><span class='ocrx_word' id='word_1_39' title='bbox 510 1209 903 1267; x_wconf 86' lang='lat' dir='ltr'>Cuniculosae</span> <span class='ocrx_word' id='word_1_40' title='bbox 948 1204 1294 1263; x_wconf 78' lang='lat' dir='ltr'>Celtiberiae</span> <span class='ocrx_word' id='word_1_41' title='bbox 1339 1205 1416 1262; x_wconf 85' lang='lat' dir='ltr'>fili</span> 
     </span>
     <span class='ocr_line' id='line_1_8' title="bbox 510 1289 1873 1368; baseline -0.001 -15"><span class='ocrx_word' id='word_1_42' title='bbox 510 1294 737 1368; x_wconf 83' lang='lat' dir='ltr'>Egnati,</span> <span class='ocrx_word' id='word_1_43' title='bbox 785 1306 973 1366; x_wconf 87' lang='lat' dir='ltr'>opaca</span> <span class='ocrx_word' id='word_1_44' title='bbox 1017 1305 1193 1362; x_wconf 89' lang='lat' dir='ltr'>quem</span> <span class='ocrx_word' id='word_1_45' title='bbox 1239 1289 1461 1348; x_wconf 89' lang='lat' dir='ltr'>bonum</span> <span class='ocrx_word' id='word_1_46' title='bbox 1509 1292 1646 1350; x_wconf 83' lang='lat' dir='ltr'>facit</span> <span class='ocrx_word' id='word_1_47' title='bbox 1692 1293 1873 1352; x_wconf 87' lang='lat' dir='ltr'>barba</span> 
     </span>
    </p>

    <p class='ocr_par' dir='ltr' id='par_1_4' title="bbox 430 1375 1626 1439">
     <span class='ocr_line' id='line_1_9' title="bbox 430 1375 1626 1439; baseline -0.002 -2"><span class='ocrx_word' id='word_1_48' title='bbox 430 1391 481 1429; x_wconf 84' lang='lat'>10</span> <span class='ocrx_word' id='word_1_49' title='bbox 506 1381 573 1438; x_wconf 86' lang='lat' dir='ltr'>Et</span> <span class='ocrx_word' id='word_1_50' title='bbox 621 1380 767 1439; x_wconf 87' lang='lat' dir='ltr'>dens</span> <span class='ocrx_word' id='word_1_51' title='bbox 812 1377 1028 1435; x_wconf 88' lang='lat' dir='ltr'>Hibera</span> <span class='ocrx_word' id='word_1_52' title='bbox 1073 1375 1392 1434; x_wconf 78' lang='lat' dir='ltr'>defricatus</span> <span class='ocrx_word' id='word_1_53' title='bbox 1436 1377 1626 1436; x_wconf 86' lang='lat' dir='ltr'>urina.</span> 
     </span>
    </p>
   </div>
   <div class='ocr_carea' id='block_1_3' title="bbox 425 1529 2041 2225">
    <p class='ocr_par' dir='ltr' id='par_1_5' title="bbox 506 1529 1537 1638">
     <span class='ocr_line' id='line_1_10' title="bbox 506 1529 1537 1638; baseline 0.001 -17"><span class='ocrx_word' id='word_1_54' title='bbox 506 1529 750 1638; x_wconf 82' lang='lat' dir='ltr'>Malest,</span> <span class='ocrx_word' id='word_1_55' title='bbox 798 1562 1090 1635; x_wconf 68' lang='lat' dir='ltr'>Cornifici,</span> <span class='ocrx_word' id='word_1_56' title='bbox 1137 1571 1240 1623; x_wconf 86' lang='lat' dir='ltr'>tuo</span> <span class='ocrx_word' id='word_1_57' title='bbox 1288 1564 1537 1636; x_wconf 80' lang='lat' dir='ltr'>Catulle,</span> 
     </span>
    </p>

    <p class='ocr_par' dir='ltr' id='par_1_6' title="bbox 506 1649 1595 1721">
     <span class='ocr_line' id='line_1_11' title="bbox 506 1649 1595 1721; baseline 0.002 -14"><span class='ocrx_word' id='word_1_58' title='bbox 506 1651 710 1712; x_wconf 87' lang='lat' dir='ltr'>Malest</span> <span class='ocrx_word' id='word_1_59' title='bbox 753 1668 849 1710; x_wconf 88' lang='lat' dir='ltr'>mc</span> <span class='ocrx_word' id='word_1_60' title='bbox 893 1649 1135 1708; x_wconf 80' lang='lat' dir='ltr'>hercule</span> <span class='ocrx_word' id='word_1_61' title='bbox 1179 1656 1237 1707; x_wconf 89' lang='lat' dir='ltr'>et</span> <span class='ocrx_word' id='word_1_62' title='bbox 1279 1650 1595 1721; x_wconf 86' lang='lat' dir='ltr'>laboriose,</span> 
     </span>
    </p>

    <p class='ocr_par' dir='ltr' id='par_1_7' title="bbox 504 1735 1657 1811">
     <span class='ocr_line' id='line_1_12' title="bbox 504 1735 1657 1811; baseline -0.003 -13"><span class='ocrx_word' id='word_1_63' title='bbox 504 1741 576 1798; x_wconf 89' lang='lat' dir='ltr'>Et</span> <span class='ocrx_word' id='word_1_64' title='bbox 618 1738 805 1811; x_wconf 83' lang='lat' dir='ltr'>magis</span> <span class='ocrx_word' id='word_1_65' title='bbox 850 1736 1038 1809; x_wconf 80' lang='lat' dir='ltr'>magis</span> <span class='ocrx_word' id='word_1_66' title='bbox 1082 1735 1143 1793; x_wconf 90' lang='lat' dir='ltr'>in</span> <span class='ocrx_word' id='word_1_67' title='bbox 1190 1735 1315 1794; x_wconf 84' lang='lat' dir='ltr'>(lies</span> <span class='ocrx_word' id='word_1_68' title='bbox 1359 1742 1417 1793; x_wconf 90' lang='lat' dir='ltr'>et</span> <span class='ocrx_word' id='word_1_69' title='bbox 1464 1737 1657 1796; x_wconf 80' lang='lat' dir='ltr'>horaS.</span> 
     </span>
    </p>

    <p class='ocr_par' dir='ltr' id='par_1_8' title="bbox 425 1821 2041 1980">
     <span class='ocr_line' id='line_1_13' title="bbox 503 1821 2041 1897; baseline -0.001 -14"><span class='ocrx_word' id='word_1_70' title='bbox 503 1827 689 1893; x_wconf 84' lang='lat' dir='ltr'>Quem</span> <span class='ocrx_word' id='word_1_71' title='bbox 737 1830 817 1892; x_wconf 81' lang='lat' dir='ltr'>tn,</span> <span class='ocrx_word' id='word_1_72' title='bbox 866 1822 1027 1894; x_wconf 88' lang='lat' dir='ltr'>quod</span> <span class='ocrx_word' id='word_1_73' title='bbox 1072 1821 1379 1879; x_wconf 85' lang='lat' dir='ltr'>minimum</span> <span class='ocrx_word' id='word_1_74' title='bbox 1426 1822 1886 1897; x_wconf 82' lang='lat' dir='ltr'>facillimumque</span> <span class='ocrx_word' id='word_1_75' title='bbox 1939 1833 2041 1895; x_wconf 89' lang='lat' dir='ltr'>est,</span> 
     </span>
     <span class='ocr_line' id='line_1_14' title="bbox 425 1901 1452 1980; baseline -0.005 -12"><span class='ocrx_word' id='word_1_76' title='bbox 425 1923 474 1962; x_wconf 86' lang='lat'>15</span> <span class='ocrx_word' id='word_1_77' title='bbox 504 1912 635 1980; x_wconf 83' lang='lat' dir='ltr'>Qua</span> <span class='ocrx_word' id='word_1_78' title='bbox 677 1910 900 1967; x_wconf 89' lang='lat' dir='ltr'>solatus</span> <span class='ocrx_word' id='word_1_79' title='bbox 945 1922 1008 1964; x_wconf 90' lang='lat' dir='ltr'>cs</span> <span class='ocrx_word' id='word_1_80' title='bbox 1054 1901 1452 1965; x_wconf 83' lang='lat' dir='ltr'>allocutione?</span> 
     </span>
    </p>

    <p class='ocr_par' dir='ltr' id='par_1_9' title="bbox 504 1990 1580 2053">
     <span class='ocr_line' id='line_1_15' title="bbox 504 1990 1580 2053; baseline -0.003 0"><span class='ocrx_word' id='word_1_81' title='bbox 504 1998 735 2053; x_wconf 84' lang='lat' dir='ltr'>Irascor</span> <span class='ocrx_word' id='word_1_82' title='bbox 777 1992 899 2050; x_wconf 89' lang='lat' dir='ltr'>tibi.</span> <span class='ocrx_word' id='word_1_83' title='bbox 965 1991 1051 2050; x_wconf 84' lang='lat' dir='ltr'>sic</span> <span class='ocrx_word' id='word_1_84' title='bbox 1095 2006 1261 2050; x_wconf 90' lang='lat' dir='ltr'>mcos</span> <span class='ocrx_word' id='word_1_85' title='bbox 1305 1990 1580 2052; x_wconf 80' lang='lat' dir='ltr'>amores?</span> 
     </span>
    </p>

    <p class='ocr_par' dir='ltr' id='par_1_10' title="bbox 504 2077 1581 2150">
     <span class='ocr_line' id='line_1_16' title="bbox 504 2077 1581 2150; baseline -0.001 -12"><span class='ocrx_word' id='word_1_86' title='bbox 504 2082 755 2138; x_wconf 88' lang='lat' dir='ltr'>Paulum</span> <span class='ocrx_word' id='word_1_87' title='bbox 800 2077 936 2150; x_wconf 87' lang='lat' dir='ltr'>quid</span> <span class='ocrx_word' id='word_1_88' title='bbox 980 2078 1146 2136; x_wconf 87' lang='lat' dir='ltr'>lubet</span> <span class='ocrx_word' id='word_1_89' title='bbox 1189 2077 1581 2149; x_wconf 77' lang='lat' dir='ltr'>allocutioniS,</span> 
     </span>
    </p>

    <p class='ocr_par' dir='ltr' id='par_1_11' title="bbox 502 2163 1493 2225">
     <span class='ocr_line' id='line_1_17' title="bbox 502 2163 1493 2225; baseline -0.003 -2"><span class='ocrx_word' id='word_1_90' title='bbox 502 2165 776 2225; x_wconf 86' lang='lat' dir='ltr'>Maestius</span> <span class='ocrx_word' id='word_1_91' title='bbox 821 2163 1075 2222; x_wconf 87' lang='lat' dir='ltr'>lacrimis</span> <span class='ocrx_word' id='word_1_92' title='bbox 1119 2163 1493 2223; x_wconf 90' lang='lat' dir='ltr'>Simonideis.</span> 
     </span>
    </p>
   </div>
   <div class='ocr_carea' id='block_1_4' title="bbox 415 2313 2098 2595">
    <p class='ocr_par' dir='ltr' id='par_1_12' title="bbox 415 2313 2098 2595">
     <span class='ocr_line' id='line_1_18' title="bbox 496 2313 1850 2428; baseline 0.005 -23"><span class='ocrx_word' id='word_1_93' title='bbox 496 2313 812 2428; x_wconf 72' lang='lat' dir='ltr'>EgnatiuS‚</span> <span class='ocrx_word' id='word_1_94' title='bbox 862 2352 1023 2426; x_wconf 89' lang='lat' dir='ltr'>quod</span> <span class='ocrx_word' id='word_1_95' title='bbox 1070 2351 1354 2410; x_wconf 85' lang='lat' dir='ltr'>candidos</span> <span class='ocrx_word' id='word_1_96' title='bbox 1400 2353 1578 2411; x_wconf 88' lang='lat' dir='ltr'>habet</span> <span class='ocrx_word' id='word_1_97' title='bbox 1624 2355 1850 2423; x_wconf 79' lang='lat' dir='ltr'>denteS,</span> 
     </span>
     <span class='ocr_line' id='line_1_19' title="bbox 415 2437 2098 2511; baseline 0.004 -19"><span class='ocrx_word' id='word_1_98' title='bbox 415 2454 467 2492; x_wconf 64' lang='grc' dir='ltr'>πυ</span> <span class='ocrx_word' id='word_1_99' title='bbox 492 2440 743 2499; x_wconf 86' lang='lat' dir='ltr'>Renidet</span> <span class='ocrx_word' id='word_1_100' title='bbox 787 2453 977 2511; x_wconf 88' lang='lat' dir='ltr'>usque</span> <span class='ocrx_word' id='word_1_101' title='bbox 1023 2453 1276 2510; x_wconf 85' lang='lat' dir='ltr'>quaque.</span> <span class='ocrx_word' id='word_1_102' title='bbox 1345 2437 1429 2495; x_wconf 90' lang='lat' dir='ltr'>sei</span> <span class='ocrx_word' id='word_1_103' title='bbox 1475 2438 1548 2495; x_wconf 89' lang='lat' dir='ltr'>ad</span> <span class='ocrx_word' id='word_1_104' title='bbox 1596 2439 1677 2496; x_wconf 88' lang='lat' dir='ltr'>rei</span> <span class='ocrx_word' id='word_1_105' title='bbox 1725 2447 1966 2498; x_wconf 89' lang='lat' dir='ltr'>ventum</span> <span class='ocrx_word' id='word_1_106' title='bbox 2011 2449 2098 2499; x_wconf 90' lang='lat' dir='ltr'>est</span> 
     </span>
     <span class='ocr_line' id='line_1_20' title="bbox 494 2523 1826 2595; baseline 0 -13"><span class='ocrx_word' id='word_1_107' title='bbox 494 2526 872 2593; x_wconf 88' lang='lat' dir='ltr'>Subsellium,</span> <span class='ocrx_word' id='word_1_108' title='bbox 921 2539 1055 2581; x_wconf 89' lang='lat' dir='ltr'>cum</span> <span class='ocrx_word' id='word_1_109' title='bbox 1101 2530 1301 2580; x_wconf 84' lang='lat' dir='ltr'>orator</span> <span class='ocrx_word' id='word_1_110' title='bbox 1346 2523 1559 2581; x_wconf 86' lang='lat' dir='ltr'>excitat</span> <span class='ocrx_word' id='word_1_111' title='bbox 1602 2524 1826 2595; x_wconf 88' lang='lat' dir='ltr'>fletum,</span> 
     </span>
    </p>
   </div>
   <div class='ocr_carea' id='block_1_5' title="bbox 411 2608 2174 3283">
    <p class='ocr_par' dir='ltr' id='par_1_13' title="bbox 411 2608 2174 3283">
     <span class='ocr_line' id='line_1_21' title="bbox 492 2608 1643 2684; baseline -0.004 -13"><span class='ocrx_word' id='word_1_112' title='bbox 492 2612 743 2671; x_wconf 89' lang='lat' dir='ltr'>Renidet</span> <span class='ocrx_word' id='word_1_113' title='bbox 784 2610 901 2670; x_wconf 92' lang='lat' dir='ltr'>ille.</span> <span class='ocrx_word' id='word_1_114' title='bbox 971 2608 1018 2667; x_wconf 89' lang='lat' dir='ltr'>si</span> <span class='ocrx_word' id='word_1_115' title='bbox 1066 2610 1140 2666; x_wconf 89' lang='lat' dir='ltr'>ad</span> <span class='ocrx_word' id='word_1_116' title='bbox 1185 2608 1262 2683; x_wconf 88' lang='lat' dir='ltr'>pii</span> <span class='ocrx_word' id='word_1_117' title='bbox 1310 2624 1519 2684; x_wconf 84' lang='lat' dir='ltr'>rogum</span> <span class='ocrx_word' id='word_1_118' title='bbox 1566 2609 1643 2667; x_wconf 87' lang='lat' dir='ltr'>fili</span> 
     </span>
     <span class='ocr_line' id='line_1_22' title="bbox 492 2695 1822 2772; baseline -0.002 -15"><span class='ocrx_word' id='word_1_119' title='bbox 492 2701 771 2772; x_wconf 84' lang='lat' dir='ltr'>Lugetur,</span> <span class='ocrx_word' id='word_1_120' title='bbox 817 2696 961 2754; x_wconf 85' lang='lat' dir='ltr'>orba</span> <span class='ocrx_word' id='word_1_121' title='bbox 1008 2710 1140 2753; x_wconf 88' lang='lat' dir='ltr'>cum</span> <span class='ocrx_word' id='word_1_122' title='bbox 1186 2695 1284 2752; x_wconf 88' lang='lat' dir='ltr'>flet</span> <span class='ocrx_word' id='word_1_123' title='bbox 1329 2695 1571 2752; x_wconf 90' lang='lat' dir='ltr'>unicum</span> <span class='ocrx_word' id='word_1_124' title='bbox 1616 2703 1822 2768; x_wconf 88' lang='lat' dir='ltr'>mater,</span> 
     </span>
     <span class='ocr_line' id='line_1_23' title="bbox 494 2780 2050 2855; baseline -0.001 -13"><span class='ocrx_word' id='word_1_125' title='bbox 494 2784 744 2842; x_wconf 88' lang='lat' dir='ltr'>Renidet</span> <span class='ocrx_word' id='word_1_126' title='bbox 787 2782 902 2840; x_wconf 89' lang='lat' dir='ltr'>illc.</span> <span class='ocrx_word' id='word_1_127' title='bbox 973 2780 1254 2853; x_wconf 87' lang='lat' dir='ltr'>quicquid</span> <span class='ocrx_word' id='word_1_128' title='bbox 1301 2788 1407 2852; x_wconf 88' lang='lat' dir='ltr'>est,</span> <span class='ocrx_word' id='word_1_129' title='bbox 1455 2782 1794 2855; x_wconf 87' lang='lat' dir='ltr'>ubicunque</span> <span class='ocrx_word' id='word_1_130' title='bbox 1838 2791 1945 2854; x_wconf 88' lang='lat' dir='ltr'>est,</span> <span class='ocrx_word' id='word_1_131' title='bbox 2047 2847 2050 2850; x_wconf 11' lang='grc' dir='ltr'><strong>Α</strong></span> 
     </span>
     <span class='ocr_line' id='line_1_24' title="bbox 411 2866 2174 2941; baseline 0.004 -20"><span class='ocrx_word' id='word_1_132' title='bbox 411 2883 464 2921; x_wconf 84' lang='lat'>25</span> <span class='ocrx_word' id='word_1_133' title='bbox 491 2870 902 2940; x_wconf 79' lang='lat' dir='ltr'>Quodcunque</span> <span class='ocrx_word' id='word_1_134' title='bbox 947 2867 1084 2940; x_wconf 78' lang='lat' dir='ltr'>agit,</span> <span class='ocrx_word' id='word_1_135' title='bbox 1131 2866 1377 2923; x_wconf 83' lang='lat' dir='ltr'>renidet.</span> <span class='ocrx_word' id='word_1_136' title='bbox 1447 2867 1607 2925; x_wconf 89' lang='lat' dir='ltr'>hunc</span> <span class='ocrx_word' id='word_1_137' title='bbox 1652 2869 1831 2926; x_wconf 88' lang='lat' dir='ltr'>babet</span> <span class='ocrx_word' id='word_1_138' title='bbox 1884 2871 2174 2941; x_wconf 88' lang='lat' dir='ltr'>morbum,</span> 
     </span>
     <span class='ocr_line' id='line_1_25' title="bbox 490 2951 2113 3027; baseline 0.001 -15"><span class='ocrx_word' id='word_1_139' title='bbox 490 2955 691 3027; x_wconf 91' lang='lat' dir='ltr'>Neque</span> <span class='ocrx_word' id='word_1_140' title='bbox 737 2955 1084 3026; x_wconf 85' lang='lat' dir='ltr'>elegantem,</span> <span class='ocrx_word' id='word_1_141' title='bbox 1131 2959 1196 3009; x_wconf 89' lang='lat' dir='ltr'>ut</span> <span class='ocrx_word' id='word_1_142' title='bbox 1240 2951 1511 3023; x_wconf 87' lang='lat' dir='ltr'>arbitror,</span> <span class='ocrx_word' id='word_1_143' title='bbox 1560 2968 1754 3025; x_wconf 90' lang='lat' dir='ltr'>neque</span> <span class='ocrx_word' id='word_1_144' title='bbox 1799 2954 2113 3014; x_wconf 85' lang='lat' dir='ltr'>urbanum.</span> 
     </span>
     <span class='ocr_line' id='line_1_26' title="bbox 493 3038 2009 3113; baseline 0 -16"><span class='ocrx_word' id='word_1_145' title='bbox 493 3041 689 3108; x_wconf 79' lang='lat' dir='ltr'>Quare</span> <span class='ocrx_word' id='word_1_146' title='bbox 733 3039 1096 3096; x_wconf 88' lang='lat' dir='ltr'>monendum</span> <span class='ocrx_word' id='word_1_147' title='bbox 1140 3045 1197 3095; x_wconf 87' lang='lat' dir='ltr'>te</span> <span class='ocrx_word' id='word_1_148' title='bbox 1244 3045 1332 3096; x_wconf 91' lang='lat' dir='ltr'>est</span> <span class='ocrx_word' id='word_1_149' title='bbox 1374 3038 1533 3107; x_wconf 86' lang='lat' dir='ltr'>mihi,</span> <span class='ocrx_word' id='word_1_150' title='bbox 1582 3039 1739 3096; x_wconf 91' lang='lat' dir='ltr'>bone</span> <span class='ocrx_word' id='word_1_151' title='bbox 1785 3040 2009 3113; x_wconf 80' lang='lat' dir='ltr'>Egnati.</span> 
     </span>
     <span class='ocr_line' id='line_1_27' title="bbox 491 3123 1915 3183; baseline -0.001 0"><span class='ocrx_word' id='word_1_152' title='bbox 491 3126 551 3183; x_wconf 91' lang='lat' dir='ltr'>Si</span> <span class='ocrx_word' id='word_1_153' title='bbox 595 3125 861 3183; x_wconf 84' lang='lat' dir='ltr'>urbanus</span> <span class='ocrx_word' id='word_1_154' title='bbox 908 3139 1068 3182; x_wconf 89' lang='lat' dir='ltr'>esses</span> <span class='ocrx_word' id='word_1_155' title='bbox 1114 3130 1216 3180; x_wconf 87' lang='lat' dir='ltr'>aut</span> <span class='ocrx_word' id='word_1_156' title='bbox 1260 3123 1515 3181; x_wconf 84' lang='lat' dir='ltr'>Sabinus</span> <span class='ocrx_word' id='word_1_157' title='bbox 1559 3131 1663 3181; x_wconf 88' lang='lat' dir='ltr'>aut</span> <span class='ocrx_word' id='word_1_158' title='bbox 1704 3124 1915 3183; x_wconf 90' lang='lat' dir='ltr'>Tiburs</span> 
     </span>
     <span class='ocr_line' id='line_1_28' title="bbox 490 3208 1860 3283; baseline -0.001 -15"><span class='ocrx_word' id='word_1_159' title='bbox 490 3210 604 3268; x_wconf 80' lang='lat' dir='ltr'>Aut</span> <span class='ocrx_word' id='word_1_160' title='bbox 646 3225 859 3283; x_wconf 87' lang='lat' dir='ltr'>parcus</span> <span class='ocrx_word' id='word_1_161' title='bbox 906 3209 1123 3268; x_wconf 89' lang='lat' dir='ltr'>Umber</span> <span class='ocrx_word' id='word_1_162' title='bbox 1169 3215 1270 3266; x_wconf 89' lang='lat' dir='ltr'>aut</span> <span class='ocrx_word' id='word_1_163' title='bbox 1314 3208 1530 3267; x_wconf 90' lang='lat' dir='ltr'>obesus</span> <span class='ocrx_word' id='word_1_164' title='bbox 1578 3210 1860 3268; x_wconf 88' lang='lat' dir='ltr'>Etruscus</span> 
     </span>
    </p>
   </div>
   <div class='ocr_carea' id='block_1_6' title="bbox 294 3389 2430 4305">
    <p class='ocr_par' dir='ltr' id='par_1_14' title="bbox 297 3389 2430 3883">
     <span class='ocr_line' id='line_1_29' title="bbox 422 3389 2430 3456; baseline 0.001 -10"><span class='ocrx_word' id='word_1_165' title='bbox 422 3393 508 3455; x_wconf 85' lang='lat'>20,</span> <span class='ocrx_word' id='word_1_166' title='bbox 546 3404 584 3441; x_wconf 82' lang='lat' dir='ltr'>s,</span> <span class='ocrx_word' id='word_1_167' title='bbox 614 3389 1024 3445; x_wconf 83' lang='lat' dir='ltr'>Ounniculosae</span> <span class='ocrx_word' id='word_1_168' title='bbox 1050 3391 1111 3452; x_wconf 92' lang='lat' dir='ltr'>L,</span> <span class='ocrx_word' id='word_1_169' title='bbox 1157 3390 1498 3446; x_wconf 87' lang='lat' dir='ltr'>Ounniculos</span> <span class='ocrx_word' id='word_1_170' title='bbox 1526 3408 1557 3444; x_wconf 86' lang='lat' dir='ltr'>e</span> <span class='ocrx_word' id='word_1_171' title='bbox 1584 3393 1655 3456; x_wconf 90' lang='lat' dir='ltr'>D,</span> <span class='ocrx_word' id='word_1_172' title='bbox 1697 3391 2085 3448; x_wconf 68' lang='lat' dir='ltr'>Celtiber-osae</span> <span class='ocrx_word' id='word_1_173' title='bbox 2107 3394 2430 3448; x_wconf 69' lang='lat' dir='ltr'>Priscianus</span> 
     </span>
     <span class='ocr_line' id='line_1_30' title="bbox 297 3459 2285 3531; baseline 0.001 -18"><span class='ocrx_word' id='word_1_174' title='bbox 297 3481 360 3531; x_wconf 85' lang='lat' dir='ltr'>p.</span> <span class='ocrx_word' id='word_1_175' title='bbox 392 3468 512 3513; x_wconf 87' lang='lat'>673.</span> <span class='ocrx_word' id='word_1_176' title='bbox 545 3469 635 3512; x_wconf 72' lang='lat'>7⁴1</span> <span class='ocrx_word' id='word_1_177' title='bbox 670 3462 733 3514; x_wconf 92' lang='lat' dir='ltr'>P.</span> <span class='ocrx_word' id='word_1_178' title='bbox 877 3473 940 3511; x_wconf 82' lang='grc' dir='ltr'><strong>ιο.</strong></span> <span class='ocrx_word' id='word_1_179' title='bbox 979 3459 1118 3515; x_wconf 87' lang='lat' dir='ltr'>deus</span> <span class='ocrx_word' id='word_1_180' title='bbox 1157 3463 1227 3513; x_wconf 92' lang='lat' dir='ltr'>D.</span> <span class='ocrx_word' id='word_1_181' title='bbox 1381 3474 1444 3513; x_wconf 92' lang='lat'>11.</span> <span class='ocrx_word' id='word_1_182' title='bbox 1481 3462 1628 3516; x_wconf 82' lang='lat' dir='ltr'>Male</span> <span class='ocrx_word' id='word_1_183' title='bbox 1669 3466 1761 3516; x_wconf 75' lang='lat' dir='ltr'>est.</span> <span class='ocrx_word' id='word_1_184' title='bbox 1797 3465 1845 3517; x_wconf 88' lang='lat' dir='ltr'>si</span> <span class='ocrx_word' id='word_1_185' title='bbox 1885 3462 2134 3517; x_wconf 87' lang='lat' dir='ltr'>carnifici</span> <span class='ocrx_word' id='word_1_186' title='bbox 2170 3465 2285 3516; x_wconf 89' lang='lat' dir='ltr'>DL.</span> 
     </span>
     <span class='ocr_line' id='line_1_31' title="bbox 310 3529 2425 3601; baseline 0.002 -18"><span class='ocrx_word' id='word_1_187' title='bbox 310 3545 372 3583; x_wconf 91' lang='lat'>12.</span> <span class='ocrx_word' id='word_1_188' title='bbox 415 3529 563 3584; x_wconf 83' lang='lat' dir='ltr'>Male</span> <span class='ocrx_word' id='word_1_189' title='bbox 601 3530 653 3583; x_wconf 88' lang='lat' dir='ltr'>si</span> <span class='ocrx_word' id='word_1_190' title='bbox 689 3546 777 3583; x_wconf 89' lang='lat' dir='ltr'>me</span> <span class='ocrx_word' id='word_1_191' title='bbox 802 3531 874 3596; x_wconf 90' lang='lat' dir='ltr'>D,</span> <span class='ocrx_word' id='word_1_192' title='bbox 913 3530 1061 3584; x_wconf 83' lang='lat' dir='ltr'>Male</span> <span class='ocrx_word' id='word_1_193' title='bbox 1102 3535 1190 3583; x_wconf 82' lang='lat' dir='ltr'>est·</span> <span class='ocrx_word' id='word_1_194' title='bbox 1226 3533 1274 3584; x_wconf 89' lang='lat' dir='ltr'>si</span> <span class='ocrx_word' id='word_1_195' title='bbox 1312 3548 1398 3584; x_wconf 90' lang='lat' dir='ltr'>me</span> <span class='ocrx_word' id='word_1_196' title='bbox 1424 3532 1486 3583; x_wconf 91' lang='lat' dir='ltr'>L.</span> <span class='ocrx_word' id='word_1_197' title='bbox 1580 3535 1820 3601; x_wconf 79' lang='lat' dir='ltr'>sortasse</span> <span class='ocrx_word' id='word_1_198' title='bbox 1858 3534 1911 3586; x_wconf 91' lang='lat' dir='ltr'>ei</span> <span class='ocrx_word' id='word_1_199' title='bbox 1950 3537 2023 3587; x_wconf 86' lang='lat' dir='ltr'>et.</span> <span class='ocrx_word' id='word_1_200' title='bbox 2131 3545 2191 3584; x_wconf 85' lang='lat'>17.</span> <span class='ocrx_word' id='word_1_201' title='bbox 2230 3535 2425 3587; x_wconf 85' lang='lat' dir='ltr'>Palum</span> 
     </span>
     <span class='ocr_line' id='line_1_32' title="bbox 310 3600 2424 3658; baseline 0.001 -4"><span class='ocrx_word' id='word_1_202' title='bbox 310 3605 379 3654; x_wconf 89' lang='lat' dir='ltr'>D.</span> <span class='ocrx_word' id='word_1_203' title='bbox 523 3601 666 3654; x_wconf 79' lang='lat' dir='ltr'>libet</span> <span class='ocrx_word' id='word_1_204' title='bbox 699 3601 765 3652; x_wconf 93' lang='lat' dir='ltr'>L.</span> <span class='ocrx_word' id='word_1_205' title='bbox 917 3613 979 3652; x_wconf 86' lang='lat'>20.</span> <span class='ocrx_word' id='word_1_206' title='bbox 1021 3601 1102 3653; x_wconf 79' lang='lat' dir='ltr'>sei</span> <span class='ocrx_word' id='word_1_207' title='bbox 1142 3600 1564 3654; x_wconf 72' lang='lat' dir='ltr'>Laurentianus:</span> <span class='ocrx_word' id='word_1_208' title='bbox 1605 3619 1707 3656; x_wconf 83' lang='lat' dir='ltr'>seu</span> <span class='ocrx_word' id='word_1_209' title='bbox 1744 3602 1863 3655; x_wconf 87' lang='lat' dir='ltr'>DL.</span> <span class='ocrx_word' id='word_1_210' title='bbox 2006 3616 2069 3654; x_wconf 82' lang='lat'>21.</span> <span class='ocrx_word' id='word_1_211' title='bbox 2110 3604 2424 3658; x_wconf 79' lang='lat' dir='ltr'>Subsellum</span> 
     </span>
     <span class='ocr_line' id='line_1_33' title="bbox 309 3671 2425 3745; baseline 0.001 -21"><span class='ocrx_word' id='word_1_212' title='bbox 309 3673 429 3724; x_wconf 90' lang='lat' dir='ltr'>DL.</span> <span class='ocrx_word' id='word_1_213' title='bbox 539 3687 661 3725; x_wconf 87' lang='lat' dir='ltr'>cum</span> <span class='ocrx_word' id='word_1_214' title='bbox 701 3671 915 3724; x_wconf 78' lang='lat' dir='ltr'>excitat</span> <span class='ocrx_word' id='word_1_215' title='bbox 953 3671 1176 3739; x_wconf 79' lang='lat' dir='ltr'>(recitat</span> <span class='ocrx_word' id='word_1_216' title='bbox 1202 3671 1270 3737; x_wconf 92' lang='lat' dir='ltr'>L)</span> <span class='ocrx_word' id='word_1_217' title='bbox 1309 3676 1497 3725; x_wconf 84' lang='lat' dir='ltr'>orator</span> <span class='ocrx_word' id='word_1_218' title='bbox 1534 3673 1653 3723; x_wconf 92' lang='lat' dir='ltr'>DL.</span> <span class='ocrx_word' id='word_1_219' title='bbox 1761 3687 1823 3724; x_wconf 86' lang='lat'>22.</span> <span class='ocrx_word' id='word_1_220' title='bbox 1861 3688 1924 3725; x_wconf 86' lang='lat'>23.</span> <span class='ocrx_word' id='word_1_221' title='bbox 1962 3693 2043 3725; x_wconf 84' lang='lat' dir='ltr'>om</span> <span class='ocrx_word' id='word_1_222' title='bbox 2081 3676 2149 3725; x_wconf 93' lang='lat' dir='ltr'>D.</span> <span class='ocrx_word' id='word_1_223' title='bbox 2245 3689 2306 3725; x_wconf 89' lang='lat'>22.</span> <span class='ocrx_word' id='word_1_224' title='bbox 2347 3677 2425 3745; x_wconf 92' lang='lat' dir='ltr'>pii</span> 
     </span>
     <span class='ocr_line' id='line_1_34' title="bbox 305 3740 2423 3814; baseline 0.001 -20"><span class='ocrx_word' id='word_1_225' title='bbox 305 3743 623 3795; x_wconf 73' lang='lat' dir='ltr'>Parisinus:</span> <span class='ocrx_word' id='word_1_226' title='bbox 664 3741 820 3811; x_wconf 88' lang='lat' dir='ltr'>impii</span> <span class='ocrx_word' id='word_1_227' title='bbox 861 3740 1258 3795; x_wconf 72' lang='lat' dir='ltr'>Laurentianus</span> <span class='ocrx_word' id='word_1_228' title='bbox 1297 3753 1346 3795; x_wconf 80' lang='lat' dir='ltr'>et</span> <span class='ocrx_word' id='word_1_229' title='bbox 1383 3743 1795 3807; x_wconf 79' lang='lat' dir='ltr'>Ricoardianus,</span> <span class='ocrx_word' id='word_1_230' title='bbox 1834 3745 2058 3814; x_wconf 87' lang='lat' dir='ltr'>impium</span> <span class='ocrx_word' id='word_1_231' title='bbox 2087 3745 2146 3795; x_wconf 88' lang='lat' dir='ltr'>L.</span> <span class='ocrx_word' id='word_1_232' title='bbox 2234 3761 2423 3812; x_wconf 86' lang='lat' dir='ltr'>regum</span> 
     </span>
     <span class='ocr_line' id='line_1_35' title="bbox 303 3811 2419 3883; baseline 0.001 -19"><span class='ocrx_word' id='word_1_233' title='bbox 303 3813 720 3875; x_wconf 84' lang='lat' dir='ltr'>Biccardianus,</span> <span class='ocrx_word' id='word_1_234' title='bbox 759 3826 986 3879; x_wconf 85' lang='lat' dir='ltr'>regnum</span> <span class='ocrx_word' id='word_1_235' title='bbox 1025 3813 1443 3866; x_wconf 73' lang='lat' dir='ltr'>Laurentianus.</span> <span class='ocrx_word' id='word_1_236' title='bbox 1549 3811 1647 3865; x_wconf 90' lang='lat' dir='ltr'>filii</span> <span class='ocrx_word' id='word_1_237' title='bbox 1687 3814 1752 3865; x_wconf 89' lang='lat' dir='ltr'>L.</span> <span class='ocrx_word' id='word_1_238' title='bbox 1872 3827 1935 3865; x_wconf 79' lang='lat'>25.</span> <span class='ocrx_word' id='word_1_239' title='bbox 1976 3815 2317 3883; x_wconf 83' lang='lat' dir='ltr'>Quocunque</span> <span class='ocrx_word' id='word_1_240' title='bbox 2356 3816 2419 3866; x_wconf 93' lang='lat' dir='ltr'>L.</span> 
     </span>
    </p>

    <p class='ocr_par' dir='ltr' id='par_1_15' title="bbox 294 3882 2420 4305">
     <span class='ocr_line' id='line_1_36' title="bbox 379 3882 2420 3953; baseline 0.001 -18"><span class='ocrx_word' id='word_1_241' title='bbox 379 3882 506 3935; x_wconf 88' lang='lat' dir='ltr'>hinc</span> <span class='ocrx_word' id='word_1_242' title='bbox 543 3886 613 3935; x_wconf 94' lang='lat' dir='ltr'>D.</span> <span class='ocrx_word' id='word_1_243' title='bbox 720 3894 784 3933; x_wconf 82' lang='lat'>27.</span> <span class='ocrx_word' id='word_1_244' title='bbox 820 3887 878 3934; x_wconf 89' lang='lat' dir='ltr'>te</span> <span class='ocrx_word' id='word_1_245' title='bbox 917 3883 1134 3935; x_wconf 75' lang='lat' dir='ltr'>addidit</span> <span class='ocrx_word' id='word_1_246' title='bbox 1170 3883 1500 3951; x_wconf 65' lang='lat' dir='ltr'>Spengelius.</span> <span class='ocrx_word' id='word_1_247' title='bbox 1607 3896 1669 3934; x_wconf 78' lang='lat'>29.</span> <span class='ocrx_word' id='word_1_248' title='bbox 1710 3900 1911 3953; x_wconf 89' lang='lat' dir='ltr'>porcus</span> <span class='ocrx_word' id='word_1_249' title='bbox 1949 3884 2201 3951; x_wconf 76' lang='lat' dir='ltr'>Scaliqer,</span> <span class='ocrx_word' id='word_1_250' title='bbox 2246 3885 2420 3938; x_wconf 76' lang='lat' dir='ltr'>fartus</span> 
     </span>
     <span class='ocr_line' id='line_1_37' title="bbox 315 3950 2419 4023; baseline 0 -18"><span class='ocrx_word' id='word_1_251' title='bbox 315 3952 559 4016; x_wconf 77' lang='lat' dir='ltr'>Venator,</span> <span class='ocrx_word' id='word_1_252' title='bbox 596 3957 793 4023; x_wconf 82' lang='lat' dir='ltr'>pastus</span> <span class='ocrx_word' id='word_1_253' title='bbox 830 3950 1060 4005; x_wconf 77' lang='lat' dir='ltr'>Vossius.</span> <span class='ocrx_word' id='word_1_254' title='bbox 1100 3955 1249 4006; x_wconf 74' lang='lat' dir='ltr'>addit</span> <span class='ocrx_word' id='word_1_255' title='bbox 1284 3955 1525 4022; x_wconf 73' lang='lat' dir='ltr'>Scaliqer</span> <span class='ocrx_word' id='word_1_256' title='bbox 1560 3955 1620 4006; x_wconf 78' lang='lat' dir='ltr'>in</span> <span class='ocrx_word' id='word_1_257' title='bbox 1657 3957 1876 4021; x_wconf 76' lang='lat' dir='ltr'>antiquo</span> <span class='ocrx_word' id='word_1_258' title='bbox 1916 3955 2082 4006; x_wconf 79' lang='lat' dir='ltr'>lexico</span> <span class='ocrx_word' id='word_1_259' title='bbox 2119 3955 2271 4006; x_wconf 74' lang='lat' dir='ltr'>Petri</span> <span class='ocrx_word' id='word_1_260' title='bbox 2307 3956 2419 4005; x_wconf 86' lang='lat' dir='ltr'>Da·</span> 
     </span>
     <span class='ocr_line' id='line_1_38' title="bbox 297 4023 2416 4093; baseline -0 -17"><span class='ocrx_word' id='word_1_261' title='bbox 297 4024 464 4076; x_wconf 78' lang='lat' dir='ltr'>nielis</span> <span class='ocrx_word' id='word_1_262' title='bbox 501 4026 638 4075; x_wconf 76' lang='lat' dir='ltr'>hunc</span> <span class='ocrx_word' id='word_1_263' title='bbox 675 4041 884 4075; x_wconf 80' lang='lat' dir='ltr'>versum</span> <span class='ocrx_word' id='word_1_264' title='bbox 915 4024 1143 4090; x_wconf 78' lang='lat' dir='ltr'>produci</span> <span class='ocrx_word' id='word_1_265' title='bbox 1179 4043 1294 4076; x_wconf 89' lang='lat' dir='ltr'>cum</span> <span class='ocrx_word' id='word_1_266' title='bbox 1319 4027 1774 4089; x_wconf 78' lang='lat' dir='ltr'>interpretamento</span> <span class='ocrx_word' id='word_1_267' title='bbox 1802 4023 1858 4076; x_wconf 87' lang='lat' dir='ltr'>id</span> <span class='ocrx_word' id='word_1_268' title='bbox 1889 4030 1979 4076; x_wconf 83' lang='lat' dir='ltr'>est</span> <span class='ocrx_word' id='word_1_269' title='bbox 2005 4039 2254 4090; x_wconf 73' lang='lat' dir='ltr'>grassae,</span> <span class='ocrx_word' id='word_1_270' title='bbox 2294 4024 2416 4093; x_wconf 86' lang='lat' dir='ltr'>pin·</span> 
     </span>
     <span class='ocr_line' id='line_1_39' title="bbox 299 4091 2418 4162; baseline 0 -16"><span class='ocrx_word' id='word_1_271' title='bbox 299 4094 447 4162; x_wconf 83' lang='lat' dir='ltr'>guis.</span> <span class='ocrx_word' id='word_1_272' title='bbox 504 4111 566 4145; x_wconf 75' lang='lat' dir='ltr'>ex</span> <span class='ocrx_word' id='word_1_273' title='bbox 613 4091 870 4146; x_wconf 76' lang='lat' dir='ltr'>Vaticano</span> <span class='ocrx_word' id='word_1_274' title='bbox 897 4096 1127 4161; x_wconf 80' lang='lat' dir='ltr'>quodam</span> <span class='ocrx_word' id='word_1_275' title='bbox 1155 4093 1333 4148; x_wconf 79' lang='lat' dir='ltr'>Maius</span> <span class='ocrx_word' id='word_1_276' title='bbox 1372 4097 1430 4147; x_wconf 82' lang='lat' dir='ltr'>in</span> <span class='ocrx_word' id='word_1_277' title='bbox 1468 4095 1811 4148; x_wconf 72' lang='lat' dir='ltr'>classicorum</span> <span class='ocrx_word' id='word_1_278' title='bbox 1848 4104 2119 4146; x_wconf 81' lang='lat' dir='ltr'>auctorum</span> <span class='ocrx_word' id='word_1_279' title='bbox 2155 4095 2418 4147; x_wconf 83' lang='lat' dir='ltr'>volumine</span> 
     </span>
     <span class='ocr_line' id='line_1_40' title="bbox 294 4163 2419 4233; baseline -0 -14"><span class='ocrx_word' id='word_1_280' title='bbox 294 4165 515 4230; x_wconf 78' lang='lat' dir='ltr'>septimo</span> <span class='ocrx_word' id='word_1_281' title='bbox 546 4183 601 4229; x_wconf 85' lang='lat' dir='ltr'>p.</span> <span class='ocrx_word' id='word_1_282' title='bbox 625 4171 723 4216; x_wconf 76' lang='lat'>574</span> <span class='ocrx_word' id='word_1_283' title='bbox 761 4165 890 4216; x_wconf 79' lang='lat' dir='ltr'>haec</span> <span class='ocrx_word' id='word_1_284' title='bbox 927 4165 1122 4231; x_wconf 82' lang='lat' dir='ltr'>adfert,</span> <span class='ocrx_word' id='word_1_285' title='bbox 1162 4163 1413 4231; x_wconf 84' lang='lat' dir='ltr'>Pinguis,</span> <span class='ocrx_word' id='word_1_286' title='bbox 1451 4179 1709 4230; x_wconf 75' lang='lat' dir='ltr'>gressus:</span> <span class='ocrx_word' id='word_1_287' title='bbox 1751 4180 1872 4217; x_wconf 79' lang='lat' dir='ltr'>nam</span> <span class='ocrx_word' id='word_1_288' title='bbox 1914 4163 2121 4216; x_wconf 87' lang='lat' dir='ltr'>obesus</span> <span class='ocrx_word' id='word_1_289' title='bbox 2160 4163 2286 4233; x_wconf 90' lang='lat' dir='ltr'>plus</span> <span class='ocrx_word' id='word_1_290' title='bbox 2327 4169 2419 4218; x_wconf 83' lang='lat' dir='ltr'>est</span> 
     </span>
     <span class='ocr_line' id='line_1_41' title="bbox 296 4233 2415 4305; baseline 0 -18"><span class='ocrx_word' id='word_1_291' title='bbox 296 4250 465 4305; x_wconf 85' lang='lat' dir='ltr'>quam</span> <span class='ocrx_word' id='word_1_292' title='bbox 486 4233 729 4305; x_wconf 85' lang='lat' dir='ltr'>pinguis.</span> <span class='ocrx_word' id='word_1_293' title='bbox 769 4234 1022 4289; x_wconf 84' lang='lat' dir='ltr'>Catullus</span> <span class='ocrx_word' id='word_1_294' title='bbox 1043 4234 1124 4287; x_wconf 81' lang='lat' dir='ltr'>ait</span> <span class='ocrx_word' id='word_1_295' title='bbox 1147 4234 1268 4288; x_wconf 80' lang='lat' dir='ltr'>Aut</span> <span class='ocrx_word' id='word_1_296' title='bbox 1288 4234 1511 4305; x_wconf 81' lang='lat' dir='ltr'>pinguis</span> <span class='ocrx_word' id='word_1_297' title='bbox 1535 4235 1709 4291; x_wconf 81' lang='lat' dir='ltr'>ubera</span> <span class='ocrx_word' id='word_1_298' title='bbox 1729 4239 1827 4289; x_wconf 80' lang='lat' dir='ltr'>aut</span> <span class='ocrx_word' id='word_1_299' title='bbox 1851 4234 2057 4289; x_wconf 88' lang='lat' dir='ltr'>obesus</span> <span class='ocrx_word' id='word_1_300' title='bbox 2084 4238 2142 4287; x_wconf 83' lang='lat' dir='ltr'>et</span> <span class='ocrx_word' id='word_1_301' title='bbox 2166 4250 2415 4304; x_wconf 80' lang='lat' dir='ltr'>prossus.</span> 
     </span>
    </p>
   </div>
  </div>
 </body>
</html>
