3364 5328
935 548 1353 606 OA'PULLUS
1390 551 1477 616 22,
1516 551 1726 614 0—23,
1771 561 1848 605 15.
2371 559 2445 618 15

484 727 734 787 Relata:
781 726 1021 784 chartae
1064 724 1281 800 regiae,
1328 727 1501 785 novei
1544 726 1700 796 libri,

485 813 642 873 Novi
689 810 968 881 umbilici,
1013 812 1146 869 lora
1190 812 1389 882 rubra,
1437 813 1782 870 membrana

332 930 335 933 ι
401 911 455 950 10
481 900 723 958 Directa
768 897 1033 971 plumh0‚
1081 903 1139 955 et
1181 898 1415 971 pumice
1459 898 1657 956 omnia
1702 905 1970 970 aequata.

484 985 652 1044 Haec
698 998 834 1042 cum
877 983 1040 1057 legas
1083 989 1168 1053 tu,
1217 984 1405 1041 bellus
1449 983 1546 1041 ille
1591 990 1649 1040 et
1692 983 1958 1042 urbanus

484 1070 772 1130 Suffenus
816 1085 971 1127 unus
1018 1068 1417 1143 caprimulgus
1462 1075 1564 1127 aut
1609 1069 1804 1127 fossor

482 1157 720 1216 Rursus
765 1154 1029 1213 videtur:
1073 1160 1303 1213 tantum
1348 1156 1629 1214 abhorret
1672 1169 1743 1212 ac
1788 1161 1992 1213 mutat.

484 1243 619 1300 Hoc
664 1240 807 1314 quid
852 1246 1128 1313 putemus
1175 1234 1344 1299 esse?
1388 1241 1486 1314 qui
1531 1242 1711 1299 modo
1756 1255 1962 1299 scurra

404 1338 459 1377 1⁵
487 1328 612 1386 Aut
654 1325 850 1399 siquid
895 1327 1009 1383 hac
1051 1341 1116 1382 re
1160 1326 1354 1385 tritius
1400 1326 1729 1396 videbatur,

490 1414 659 1471 Idem
704 1411 956 1469 infaceto
1002 1417 1092 1469 est
1135 1412 1443 1471 infacetior
1485 1427 1644 1484 rure,

489 1497 683 1557 Simul
728 1504 1003 1571 poemata
1047 1498 1253 1572 attigit,
1301 1513 1496 1572 neque
1537 1491 1698 1556 idem
1744 1512 2004 1571 unquam

488 1585 696 1657 Aeque
743 1590 832 1641 est
873 1583 1083 1641 heatus
1131 1576 1201 1641 ac
1246 1598 1458 1657 poema
1504 1597 1638 1640 cum
1685 1583 1913 1642 scribit:

491 1671 635 1728 Tam
684 1669 903 1743 gaudet
945 1669 1005 1726 in
1050 1684 1116 1727 se
1160 1677 1399 1744 tamque
1443 1684 1508 1726 se
1550 1669 1678 1743 ipse
1721 1669 1985 1730 miratur.

407 1756 774 1813 20Nimirum
818 1754 973 1813 idem
1021 1769 1228 1813 omnes
1271 1755 1545 1825 fallimur,
1591 1770 1787 1827 neque
1833 1762 1922 1813 est
1966 1757 2296 1829 quisquam,

491 1842 682 1909 Quem
726 1854 847 1898 non
894 1839 952 1898 in
999 1839 1198 1914 aliqua
1244 1840 1552 1899 revidere
1597 1840 1905 1899 Suffenum

493 1926 712 1985 Possis.
781 1940 925 1984 suus
971 1925 1185 2000 cuique
1229 1926 1545 1984 attributus
1592 1932 1680 1983 est
1726 1941 1919 1984 error:

495 2014 611 2071 Sed
656 2026 776 2071 non
821 2010 1108 2082 videmuS,
1156 2011 1444 2071 manticae
1489 2012 1650 2083 quod
1696 2011 1755 2070 in
1802 2019 1968 2086 tergo
2014 2020 2121 2071 est.

494 2182 699 2289 Furei,
747 2218 841 2277 cui
887 2233 1078 2292 neque
1121 2234 1330 2277 servus
1375 2225 1465 2276 est
1507 2233 1702 2292 neque
1747 2233 1892 2276 arca

411 2312 461 2352 2⁵
486 2304 604 2362 Nec
650 2304 838 2363 cimex
882 2319 1076 2376 neque
1120 2319 1373 2363 araneus
1417 2318 1612 2377 neque
1656 2303 1829 2378 ignis,

485 2390 704 2449 Verum
751 2397 840 2448 est
883 2397 940 2447 et
984 2398 1151 2463 pater
1194 2397 1253 2448 et
1295 2404 1571 2459 noverca,
1621 2404 1874 2461 quorum

487 2475 704 2535 Dentes
749 2475 842 2534 vel
888 2475 1110 2533 silicem
1156 2489 1419 2534 comesse
1465 2482 1746 2548 possunt;

486 2562 589 2619 Est
635 2561 881 2636 pulchre
924 2560 1029 2618 tibi
1074 2576 1207 2618 cum
1252 2568 1353 2619 tuo
1400 2568 1653 2634 parente

485 2648 558 2706 Et
603 2662 740 2707 cum
785 2645 1035 2721 coniuge
1080 2647 1275 2722 lignea
1318 2647 1595 2722 parentis.

406 2741 459 2779 ³0
483 2734 602 2793 Nec
647 2733 894 2791 mirum:
939 2733 1093 2792 bene
1138 2749 1276 2792 nam
1322 2734 1527 2792 valetis
1572 2749 1797 2806 omneS‚

363 2816 440 2877 13
488 2818 743 2878 Pulchre
788 2818 1175 2892 concoquitis,
1221 2813 1366 2877 nihil
1408 2819 1643 2892 timetis,

486 2905 614 2964 Non
659 2904 954 2976 incendia,
998 2919 1119 2963 non
1165 2920 1374 2978 graves
1422 2906 1642 2978 ruinaS,

484 2992 611 3050 Non
658 2991 816 3049 furta
858 2989 1056 3064 impia,
1101 3005 1221 3049 non
1269 2990 1439 3049 dolos
1483 2994 1716 3063 veneni,

486 3076 612 3134 Non
660 3091 834 3134 casus
880 3075 1027 3133 alios
1068 3075 1483 3147 periculorum.

435 3161 659 3234 ⁵Atqui
700 3176 955 3241 corpora
999 3160 1247 3220 sicciora
1295 3176 1481 3220 cornu

482 3247 601 3305 Aut
643 3247 839 3321 siquid
885 3247 1074 3322 magis
1119 3246 1350 3305 aridum
1395 3255 1487 3307 est
1531 3248 1760 3308 habetis

483 3333 622 3391 Sole
668 3339 726 3390 et
771 3333 988 3406 frigore
1034 3340 1091 3391 et
1134 3333 1474 3393 esuritione.

487 3419 683 3487 Quare
728 3432 847 3478 non
893 3418 996 3476 tihi
1042 3419 1118 3476 sit
1158 3419 1313 3478 hene
1346 3435 1427 3492 ac
1471 3415 1685 3479 beate?

453 3569 541 3631 12,
577 3582 616 3626 8.
654 3583 797 3623 nove
836 3566 901 3633 L,
941 3583 1138 3623 novem
1166 3570 1236 3633 D,
1277 3584 1530 3639 noveque
1570 3571 1969 3626 Riccardianus.
2082 3586 2122 3625 9.
2159 3575 2430 3629 membra-

308 3653 419 3692 nae
456 3639 573 3691 DL.
715 3650 780 3689 ιο.
818 3639 1062 3693 Detecto.
1095 3638 1215 3692 DL.
1358 3651 1420 3692 11.
1460 3639 1583 3693 Nec
1621 3644 1691 3696 D.
1845 3656 1909 3696 15.
1946 3643 2164 3698 tristius
2205 3644 2324 3696 DL.

305 3722 375 3761 16.
414 3708 728 3774 infacetior]
767 3708 1012 3763 infaceto
1050 3709 1168 3762 DL.
1311 3720 1373 3761 17.
1411 3725 1609 3778 poema
1644 3712 1707 3767 L.
1852 3725 1913 3764 18.
1953 3713 2043 3786 ac]
2084 3715 2154 3767 ah
2191 3716 2311 3780 DL,
2360 3716 2432 3769 ha

306 3781 729 3833 Laurentianus.
861 3791 924 3830 19.
962 3785 1222 3849 tanquam
1260 3779 1378 3831 DL.
1510 3792 1573 3831 20.
1614 3782 1791 3835 omnis
1829 3785 1898 3835 D.
2026 3785 2321 3854 quicquam
2358 3788 2428 3838 D.

379 3863 443 3907 23.
480 3852 777 3919 Porphyrio
812 3851 886 3901 ad
924 3849 1145 3903 Horatii
1180 3868 1332 3903 serm.
1364 3859 1412 3914 ⁶2,
1441 3859 1489 3915 3,
1519 3860 1638 3907 299.
1778 3866 1842 3904 25.
1881 3869 1985 3907 nec
2023 3870 2258 3908 araneus
2295 3856 2358 3907 1..

306 3932 371 3972 27.
413 3921 624 3990 eylicee
663 3922 733 3973 D.
875 3932 939 3973 28.
977 3918 1224 3990 pulcrum
1261 3922 1332 3976 D.
1476 3933 1540 3973 ao.
1580 3921 1669 3975 Ne
1718 3923 1909 3976 mirum
1947 3923 2011 3989 L,
2049 3925 2319 3979 Nimirum
2358 3921 2433 3978 D.

304 3988 407 4045 Nil
444 3992 636 4045 mirum
671 3991 743 4041 N.
778 3991 1055 4045 Heinsius.

454 4080 537 4145 13,
576 4090 615 4131 1.
655 4078 1052 4147 conquoquitis
1089 4080 1159 4131 D.
1267 4090 1306 4129 2.
1346 4078 1522 4132 minas
1557 4096 1631 4148 pr
1659 4078 1723 4134 L.
1837 4061 1887 4136 a.
1919 4081 2069 4135 facta
2103 4081 2169 4146 L,
2208 4081 2324 4136 fata
2348 4084 2427 4134 D.-

305 4152 539 4202 correxit
576 4149 870 4216 Hauptius.
1016 4162 1054 4203 5.
1093 4149 1213 4201 Aut
1248 4148 1342 4217 qui
1380 4150 1503 4200 DL.
1649 4153 1907 4220 corpora]
1947 4166 2155 4207 cornua.
2181 4170 2257 4223 pr
2292 4153 2356 4206 L.

305 4231 346 4268 e.
388 4219 597 4273 aridum
635 4220 814 4288 magia
854 4224 947 4274 est
971 4219 1091 4273 DL.
1201 4217 1408 4272 abietis
1437 4220 1500 4275 L.
1612 4232 1649 4276 7.
1690 4220 2001 4276 exuritione
2030 4224 2099 4280 D.
2203 4237 2244 4280 8.
2283 4224 2330 4277 si
2357 4227 2429 4278 D.
