3364 5328
913 624 951 685 6
1513 612 1928 670 GATULLUS
1968 614 2021 678 4,
2063 623 2124 664 26
2153 643 2210 650 —-
2242 615 2293 676 6,
2339 621 2414 664 11.

1085 797 1265 855 Senet
1309 794 1504 869 quiete
1548 808 1732 868 seque
1777 791 2009 850 dedicat
2052 789 2177 860 tihi,

1083 882 1342 941 Gemelle
1388 880 1594 938 Castor
1639 886 1696 937 et
1740 877 1993 952 gemelle
2039 874 2315 934 Castoris

1086 1101 1397 1209 vivamus,
1444 1152 1573 1196 mea
1617 1138 1846 1208 Lesbia,
1894 1144 2070 1210 atque
2115 1146 2399 1198 amemus,

919 1297 923 1302 ,
1084 1225 1495 1295 Rumoresque
1536 1240 1746 1282 senum
1792 1223 2157 1281 severiorum

1005 1324 1052 1363 15
1084 1310 1302 1367 Omnes
1352 1308 1527 1367 unius
1573 1309 1950 1367 aestimemus
1997 1305 2163 1363 assis.

1083 1396 1251 1454 Soles
1298 1393 1568 1453 occidere
1614 1401 1673 1452 et
1717 1393 1910 1451 redire
1956 1396 2237 1466 possunt:

1078 1481 1278 1549 Nohi5‚
1326 1496 1459 1537 cum
1505 1481 1688 1538 semel
1734 1479 1950 1537 occidit
1992 1474 2189 1535 brevis
2235 1474 2354 1545 lux,

1082 1567 1208 1624 Nox
1254 1573 1341 1623 est
1386 1573 1664 1639 perpetua
1714 1580 1833 1622 una
1879 1560 2245 1621 dormienda.

1084 1653 1168 1708 Da
1210 1651 1290 1708 ini
1334 1650 1499 1708 basia
1542 1650 1719 1721 mille,
1768 1650 1983 1707 deinde
2029 1652 2285 1716 centum,

1003 1748 1055 1786 20
1080 1735 1225 1794 Dein
1270 1735 1430 1793 mille
1475 1736 1676 1805 altera,
1727 1735 1863 1793 dein
1907 1732 2171 1792 secunda
2218 1736 2474 1800 centum,

1081 1820 1303 1879 Deinde
1348 1837 1536 1894 usque
1583 1821 1770 1879 altera
1814 1820 1992 1890 mille,
2041 1817 2256 1875 deinde
2302 1821 2557 1875 centum.

1082 1906 1244 1976 Dein,
1295 1921 1428 1963 cum
1475 1907 1636 1964 milia
1680 1906 1868 1965 multa
1912 1903 2247 1972 fecerimus,
2591 1924 2594 1929 ·

1085 1992 1584 2051 Conturhahimus
1628 1993 1749 2064 illa,
1796 2006 1871 2049 ne
1916 1990 2193 2059 sciamuS,

1080 2080 1198 2136 Aut
1242 2078 1451 2150 nequis
1497 2078 1690 2136 malus
1735 2077 2000 2140 invidere
2044 2074 2249 2149 possit,

999 2176 1050 2213 25
1080 2163 1226 2221 Cum
1273 2170 1500 2222 tantum
1546 2164 1694 2222 sciat
1740 2178 1870 2222 esse
1913 2160 2237 2219 basiorum.

1080 2381 1277 2486 Flavi,
1326 2415 1566 2474 delicias
1613 2422 1744 2473 tuas
1792 2413 2046 2485 catullo,

1082 2502 1185 2560 Nei
1230 2502 1348 2560 sint
1391 2495 1690 2574 inlepidae
1736 2506 1914 2572 atque
1957 2499 2336 2572 ineleganteS,

1082 2588 1275 2645 Velles
1323 2586 1535 2656 dicere,
1584 2602 1694 2644 nec
1737 2592 1931 2644 tacere
1976 2599 2199 2658 posseS.

1082 2675 1300 2732 Verum
1345 2672 1544 2731 nescio
1593 2673 1737 2746 quid
1782 2670 2121 2730 febriculosi

1001 2776 1053 2814 30
1079 2760 1267 2819 Scorti
1315 2758 1532 2832 diligis:
1580 2760 1696 2816 hoc
1739 2758 1924 2831 pudet
1967 2755 2153 2814 fateri.

996 2847 1033 2905 4
1080 2846 1224 2904 Nam
1267 2851 1327 2902 te
1370 2858 1493 2902 non
1540 2844 1751 2902 viduas
1793 2843 1985 2900 iacere
2030 2847 2234 2900 noctes

1078 2931 1479 3002 Nequicquam
1525 2930 1769 2987 tacitum
1815 2927 2007 2986 cubile
2053 2927 2267 2985 clamat

1081 3016 1265 3075 Sertis
1310 3031 1380 3073 ac
1424 3015 1592 3089 Syrio
1639 3015 1909 3088 fragrans
1955 3013 2129 3084 olive,

1084 3102 1486 3173 pulvinusque
1531 3113 1836 3174 peraeque
1881 3105 1939 3156 et
1981 3099 2077 3157 hic
2122 3105 2180 3156 et
2221 3097 2319 3157 ille

955 3217 960 3228 ι
1028 3201 1052 3238 5
1083 3187 1345 3258 AttrituS,
1393 3187 1746 3259 tremulique
1793 3200 2006 3258 quassa
2052 3179 2198 3244 lecti

1082 3271 1387 3346 Argutatio
1431 3271 1956 3344 inambulatioque.

1047 3482 1099 3543 3,
1139 3493 1202 3535 11.
1243 3478 1420 3533 Senot
1457 3477 1647 3547 quiete
1686 3478 1735 3529 L
1769 3488 1819 3531 et
1859 3478 2134 3532 Charisius
2164 3497 2222 3548 p.
2253 3489 2351 3531 223
2394 3481 2510 3547 (sed
2554 3481 2717 3533 codex
2766 3482 2921 3533 habet
2968 3464 3022 3533 fs‘t’

913 3551 1145 3622 quiete),
1173 3551 1455 3602 Diomedes
1474 3566 1535 3617 p.
1564 3557 1686 3613 335,
1712 3549 2023 3601 Priscianus
2052 3558 2098 3614 9,
2118 3565 2178 3617 p.
2207 3558 2306 3601 869
2334 3551 2427 3607 P.:
2467 3548 2645 3605 Sonet
2682 3549 2926 3619 quietem
2952 3553 3020 3606 D.

979 3621 1209 3674 dicebat
1243 3621 1329 3672 vel
1364 3619 1631 3673 dicebant
1667 3620 1867 3672 codices
1905 3621 2179 3673 Diomedis
2336 3634 2375 3676 2.
2416 3623 2606 3674 castor
2641 3623 2696 3672 D
2733 3632 2782 3674 et
2820 3622 3023 3675 codices

907 3692 1215 3744 Diomedis.-
1266 3694 1506 3743 castrum
1538 3708 1610 3755 pr
1646 3688 1722 3754 L,
1764 3692 2044 3744 castorum
2080 3709 2198 3743 corr
2233 3692 2294 3746 L.
2334 3690 2535 3744 Castor
2573 3695 2630 3744 et
2666 3691 2904 3758 gemelle
2941 3710 3023 3743 om

907 3763 1070 3814 codex
1111 3762 1354 3813 C'harisii.
1511 3772 1573 3809 15.
1616 3760 1948 3814 extimemus
1988 3762 2059 3814 D.
2212 3773 2278 3818 19.
2317 3761 2450 3814 mihi
2489 3759 2553 3812 L.
2698 3775 2761 3817 ‘20-
2801 3760 3019 3814 Deinde

907 3832 1056 3884 mille
1087 3830 1150 3895 L,
1189 3830 1411 3884 Deinde
1438 3846 1524 3882 me
1551 3832 1621 3895 D,
1662 3829 1885 3884 Deinde
1914 3831 1989 3884 mi
2013 3832 2320 3895 Parisinus,
2347 3831 2766 3893 Laurentianus,
2805 3832 3019 3885 Biccar-

906 3904 1118 3955 dianus.
1299 3900 1428 3955 dein
1464 3903 1721 3954 Paccius.-
1760 3899 1964 3953 deinde
2002 3901 2067 3967 L,
2109 3901 2181 3955 da
2215 3904 2271 3954 D
2306 3912 2355 3954 et
2382 3904 2634 3970 plerique
2672 3919 2859 3956 omnes.

904 3985 965 4026 w.
1005 3972 1235 4095 Reingi
1262 3970 1381 4023 DL.
1534 3970 1707 4024 multa
1744 3971 1897 4025 milia
1935 3970 1997 4024 L.
2152 3985 2213 4025 23.
2254 3971 2718 4027 Conturbavimus
2757 3970 2877 4024 DL.

904 4055 967 4094 27.
1066 4058 1095 4093 e
1239 4082 1251 4097 .

1043 4113 1095 4175 4,
1136 4125 1175 4163 3.
1216 4112 1508 4180 Sertisque
1536 4113 1609 4163 D.
1721 4127 1788 4166 ac
1815 4111 2001 4181 Syrio]
2042 4112 2224 4180 asyrio
2261 4113 2323 4177 L,
2364 4129 2399 4165 a
2424 4112 2571 4181 syrio
2599 4112 3016 4178 Laurentianus,

905 4183 1121 4248 assyrio
1148 4183 1548 4235 Riccardianue
1572 4192 1621 4235 et
1646 4183 1953 4248 Parisinus,
1982 4184 2304 4252 assyrioque
2330 4185 2400 4238 D.
2510 4183 2760 4251 fragrans
2786 4183 2867 4235 D:
2903 4183 3016 4236 cla-

904 4267 1061 4305 mans
1100 4251 1163 4317 L,
1202 4252 1444 4321 flagrans
1482 4270 1663 4322 maa-qo
1687 4254 1763 4328 L.
1911 4267 1951 4311 4.
1990 4253 2084 4308 ille
2121 4256 2198 4306 D:
2238 4253 2334 4308 illo
2371 4253 2438 4307 L.
2580 4266 2619 4306 ὅ.
2659 4268 2824 4308 cassa
2860 4256 2932 4307 D.
