3364 5328
963 632 1043 697 68
1565 627 1979 686 OATULLUS
2021 627 2106 696 68,
2155 637 2240 681 101
2265 655 2334 669 —-
2356 636 2469 684 133.

1130 808 1218 867 Ad
1265 823 1442 882 quam
1486 813 1613 879 tum
1656 821 1983 882 properans
2027 807 2211 866 fertur
2418 806 2681 881 undique
2723 805 2913 879 pubes

1218 894 1437 953 Graeca
1484 894 1801 968 penetralis
1849 895 2180 952 deseruisse
2224 893 2405 963 focos,

1129 978 1211 1038 Ne
1256 979 1421 1038 Paris
1466 981 1721 1039 abducta
1766 981 2002 1055 gavisus
2048 980 2231 1037 libera
2276 979 2525 1037 moecha

1047 1070 1133 1115 25'
1216 1065 1346 1125 Otia
1390 1072 1600 1139 pacato
1647 1067 1889 1140 degeret
1933 1066 1993 1124 in
2041 1066 2318 1124 thalamo.

1131 1151 1261 1220 Quo
1307 1151 1410 1209 tibi
1456 1158 1581 1209 tum
1631 1166 1792 1224 casu,
1838 1151 2237 1225 pulcherrima
2280 1150 2617 1221 Laodamia,

1214 1237 1492 1310 Ereptum
1539 1244 1627 1296 est
1669 1237 1788 1295 vita
1835 1237 2063 1295 dulcius
2110 1243 2286 1309 atque
2330 1236 2524 1293 anima

1129 1321 1508 1396 Coniugium:
1554 1329 1719 1381 tanto
1764 1330 1821 1381 te
1867 1322 2194 1381 absorbens
2239 1322 2456 1381 vertice
2499 1320 2715 1379 amoris

1211 1406 1426 1466 Aestus
1470 1408 1528 1465 in
1577 1407 1893 1482 abruptum
1941 1409 2230 1467 detulerat
2272 1408 2633 1476 barathrum,

1046 1504 1098 1543 30
1124 1493 1309 1562 Quale
1351 1493 1551 1551 ferunt
1593 1493 1731 1551 Grai
1777 1494 2078 1552 Pheneum
2123 1509 2312 1568 prope
2354 1493 2692 1568 Cylleneum

998 1574 1078 1637 65
1212 1578 1446 1636 Siccare
1491 1578 1718 1636 emulsa
1762 1579 1980 1653 pingue
2024 1579 2240 1652 palude
2283 1581 2474 1638 solum

1124 1664 1295 1732 Quod
1342 1665 1643 1737 quondam
1689 1665 1876 1722 caesis
1920 1665 2136 1722 montis
2178 1664 2396 1723 fodisse
2442 1663 2714 1722 medullis

1211 1748 1390 1807 Audit
1433 1748 1780 1823 falsiparens
1825 1749 2396 1824 AmphitryoniadeS,

1123 1835 1411 1908 Tempore
1456 1850 1574 1908 quo
1621 1842 1781 1893 certa
1826 1835 2185 1910 Stymphalia
2229 1843 2493 1893 monstra
2538 1833 2747 1909 sagitta

1069 1931 1093 1970 ⁵
1207 1920 1464 1979 Perculit
1506 1921 1753 1995 imperio
1800 1922 2104 1980 deterioris
2149 1922 2295 1992 heri,

1127 2005 1402 2064 Pluribus
1448 2013 1513 2064 ut
1559 2007 1705 2064 caeli
1751 2014 2040 2066 tereretur
2083 2008 2260 2066 ianua
2307 2007 2475 2078 divis,

1207 2092 1369 2149 Hebe
1414 2107 1524 2150 nec
1564 2093 1743 2166 longa
1788 2093 2121 2166 virginitate
2164 2093 2334 2151 foret.
2503 2100 2508 2107 ‘

1122 2177 1239 2236 Sed
1283 2184 1420 2235 tuus
1465 2178 1616 2235 altus
1661 2193 1829 2235 amor
1872 2178 2153 2236 barathro
2197 2177 2308 2236 fuit
2350 2178 2524 2236 altior
2567 2179 2684 2237 illo.

1207 2262 1318 2331 Qui
1364 2262 1562 2319 divum
1611 2263 1898 2319 domitum
1945 2250 2097 2319 ferre
2140 2263 2345 2335 iugum
2393 2265 2621 2321 docuit:

1041 2359 1093 2397 10
1117 2347 1261 2405 Nam
1307 2362 1499 2418 neque
1544 2352 1663 2402 tam
1710 2362 1911 2403 carum
1957 2347 2224 2405 confecto
2272 2354 2461 2405 aetate
2507 2349 2733 2421 parenti

1205 2432 1333 2488 Una
1377 2437 1553 2504 caput
1594 2431 1710 2488 seri
1757 2438 1895 2489 nata
1942 2433 2171 2505 nepotis
2217 2432 2333 2502 alit,

1119 2515 1250 2585 Qui,
1298 2530 1432 2572 cum
1479 2515 1693 2573 divitiis
1738 2516 1833 2574 vix
1878 2518 2115 2575 tandem
2162 2518 2436 2576 inventus
2482 2519 2650 2576 avitis

1203 2599 1428 2656 Nomen
1472 2605 1714 2658 testatas
1758 2601 1953 2658 intulit
1997 2602 2056 2659 in
2103 2602 2352 2673 tabulaS,

1114 2685 1299 2758 Impia
1346 2685 1521 2743 derisi
1567 2685 1801 2759 gentilis
1847 2687 2062 2759 gaudia
2107 2686 2321 2743 tollens

1036 2784 1084 2823 15
1164 2769 1451 2829 ·Suscitat
1494 2786 1528 2827 a
1571 2785 1721 2829 cano
1765 2770 2086 2829 volturium
2132 2770 2333 2843 capiti:

1112 2854 1230 2913 Nec
1272 2862 1502 2914 tautum
1546 2856 1719 2916 niveo
1765 2856 1966 2930 gavisa
2012 2863 2100 2915 est
2145 2856 2265 2913 ulla
2309 2856 2585 2913 columbo

1204 2941 1476 3015 Compar,
1524 2957 1677 3014 quae
1723 2941 1908 2999 multo
1956 2942 2169 2999 dicitur
2212 2941 2537 3014 improbius

1115 3028 1327 3088 Oscula
1373 3028 1666 3086 mordenti
1713 3042 1947 3100 semper
1992 3028 2309 3100 decerpere
2354 3033 2565 3098 rostro,

1197 3113 1569 3185 Quamquam
1612 3112 1928 3187 praecipue
1972 3112 2276 3171 multivola
2321 3119 2411 3170 est
2452 3112 2677 3172 mulier.

1033 3211 1086 3250 20
1112 3198 1227 3256 Sed
1271 3205 1337 3256 tu
1381 3199 1596 3257 horum
1638 3213 1889 3273 magnos
1935 3198 2120 3256 vicisti
2164 3198 2291 3256 sola
2337 3198 2585 3270 suroreS,

1191 3284 1266 3342 Ut
1308 3284 1490 3342 semel
1537 3299 1600 3344 es
1640 3283 1797 3342 ssavo
1844 3284 2151 3341 conciliata
2189 3283 2335 3342 viro.

1081 3468 1166 3532 64,
1203 3478 1267 3517 22.
1306 3466 1467 3521 simul
1505 3468 1617 3519 add
1646 3464 1797 3519 Itali.
1906 3477 1969 3517 23.
2008 3466 2329 3536 penetrales
2356 3466 2705 3522 desseruisse
2745 3466 2880 3520 deos
2906 3470 2975 3520 D.

934 3548 998 3588 24.
1036 3537 1160 3595 Nec
1207 3538 1270 3587 L.
1411 3549 1474 3590 25.
1513 3536 1735 3607 placato
1783 3538 1852 3587 D.
1994 3550 2055 3587 26.
2097 3537 2260 3604 Quod
2313 3539 2375 3593 L,
2528 3551 2591 3591 28.
2631 3537 2930 3592 absolvens
2977 3540 3047 3589 D.

1005 3620 1069 3659 29.
1107 3611 1358 3676 amptum
1397 3607 1462 3659 L.
1501 3624 1669 3676 supra
1706 3624 1755 3658 v.
1798 3615 1843 3657 5.
1882 3605 2128 3677 abrupto.
2271 3620 2335 3659 30.
2376 3609 2495 3675 Que
2532 3611 2602 3661 D.
2711 3624 2945 3679 peneum
2984 3608 3047 3670 L,

934 3678 1168 3748 poneius
1209 3679 1277 3729 D.
1315 3680 1542 3731 carrea-it
1578 3679 1859 3732 Avantiue.
1975 3678 2247 3731 cileneum
2285 3679 2346 3744 L,
2384 3679 2632 3732 calonem
2671 3681 2740 3731 D.

1073 3766 1160 3831 65,
1205 3777 1242 3821 1.
1284 3764 1501 3819 Siccari
1548 3765 1667 3816 DL.
1720 3766 1951 3818 correxit
2000 3767 2349 3818 Solu-adorus.
2502 3779 2541 3817 3.
2581 3765 2745 3819 Aldit
2789 3768 2845 3817 D
2889 3766 3050 3830 aolus,
3141 3793 3146 3796 ·

931 3854 1125 3913 Audet
1163 3859 1227 3912 L.
1266 3862 1496 3914 correxit
1532 3859 1849 3916 Palmeriua.
1966 3872 2006 3912 5.
2044 3860 2287 3913 Pertulit
2324 3860 2442 3912 DL.
2558 3872 2597 3915 6.
2625 3844 2875 3914 ,terrsstur
2912 3858 2975 3910 L.

931 3942 969 3984 9.
1011 3930 1194 3984 divum
1220 3932 1300 3981 D.-
1337 3934 1489 3983 tuum
1514 3930 1575 3981 L.
1597 3932 1839 3998 sortasse
1877 3930 2066 3982 durum
2105 3927 2385 3986 domitam.
2465 3942 2557 3983 010.
2596 3946 2701 3984 nec
2726 3933 2780 3982 D
2818 3941 2867 3981 et
2885 3949 2957 3997 pr
2985 3928 3048 3986 L.

958 4063 965 4070 ‘
1000 4066 1173 4105 causa
1210 4049 1275 4103 L.
1393 4063 1455 4107 12.
1493 4055 1607 4105 tum
1644 4053 1715 4102 D.
1832 4064 1895 4101 15.
1936 4051 2224 4106 suscitata
2261 4051 2324 4117 L,
2364 4050 2619 4106 Suscitat
2655 4054 2713 4105 et
2749 4053 2818 4103 D.
2932 4051 3048 4104 vol·

1013 4121 1172 4135 00000

928 4137 1124 4192 tarium
1164 4140 1235 4203 D,
1274 4139 1564 4193 vultarium
1604 4140 1669 4191 L.
1777 4149 1839 4193 1⁷.
1877 4138 2208 4209 improbrius
2248 4140 2317 4192 D.
2426 4152 2485 4190 19.
2528 4140 2700 4207 Quam
2741 4153 2880 4208 quae
2920 4135 3045 4189 Vos-

929 4211 1109 4331 &ints-D
1166 4212 1490 4332 {Oltam-um
1528 4209 1590 4277 L,
1629 4210 1820 4264 horum
1861 4211 2073 4277 (omisso
2112 4210 2194 4278 tu)
2232 4210 2299 4264 D.
2416 4222 2478 4265 21.
2519 4225 2581 4263 es
2620 4209 3047 4261 Riccardianm:

929 4294 990 4332 es
1112 4319 1124 4344 ‚
1288 4320 1299 4334 .
