3364 5328
700 1028 829 1144 Q.
947 1028 2011 1129 CATULLI

945 1209 1760 1265 VERONENSIS

1176 1335 1530 1399 LIBER.

465 1669 631 1770 Quoi
679 1702 837 1758 dono
883 1699 1147 1772 lepidum
1197 1714 1412 1756 novum
1462 1699 1722 1757 libellum

462 1789 643 1845 Anido
690 1787 867 1844 modo
914 1785 1145 1857 pumice
1192 1780 1559 1857 expolitum?

462 1873 717 1941 Corneli,
766 1871 895 1929 tibi:
942 1885 1201 1942 namque
1246 1877 1308 1927 tu
1355 1870 1590 1927 solebas

409 1972 432 2010 5
458 1960 617 2016 Meas
662 1974 790 2015 esse
835 1956 1057 2027 aliquid
1102 1962 1311 2028 putare
1354 1970 1544 2028 nugas

462 2046 580 2101 lam
627 2052 751 2101 tum
799 2057 932 2099 cum
979 2057 1160 2098 ausus
1207 2056 1269 2097 es
1316 2056 1471 2097 unus
1518 2039 1797 2097 Italorum

462 2129 649 2188 Omne
696 2143 905 2187 aevum
951 2127 1138 2185 trihus
1185 2126 1477 2199 explicare
1525 2125 1741 2182 chartis

369 2241 379 2250 ·
460 2216 675 2285 DoctiS‚
723 2213 1000 2288 Iuppiter,
1050 2219 1106 2269 et
1149 2211 1479 2269 laboriosis

459 2301 653 2368 Quare
698 2301 850 2358 habe
897 2298 1000 2356 tihi
1047 2297 1325 2370 quicquid
1372 2298 1485 2355 hoc
1531 2296 1711 2355 libelli

378 2379 428 2418 10
1734 2378 1740 2384 ”

459 2439 881 2507 Qualecunque
927 2435 1161 2508 quidem

1207 2526 1456 2592 patrona
1499 2519 1685 2593 virg0‚

462 2609 601 2668 Plus
648 2624 769 2668 uno
813 2614 1050 2667 maneat
1091 2620 1350 2679 perenne
1396 2605 1610 2663 saeclo,

289 2775 534 2831 Codices
570 2778 625 2828 D
662 2781 716 2829 et
752 2775 802 2827 L
838 2774 911 2842 (h.
952 2790 999 2827 e.
1028 2771 1215 2827 Caroli
1240 2773 1373 2825 Dati
1401 2775 1459 2824 et
1483 2767 1649 2826 L'aur.
1679 2772 1976 2841 Santenii)‚
2015 2789 2135 2828 cum
2176 2791 2401 2844 quorum

359 2847 626 2901 alterutro
665 2847 839 2900 ceteri
878 2860 988 2898 non
1024 2840 1345 2912 interpolati
1371 2843 1574 2911 ubique
1603 2844 1976 2909 consentiunt,
2014 2845 2117 2899 hac
2156 2845 2401 2899 editione

357 2921 510 2970 totos
549 2916 890 2971 exhibemus,
938 2931 1075 2984 quas
1114 2912 1536 2967 emendationes
1575 2914 1725 2967 nullo
1763 2919 1992 2968 auctore
2031 2915 2277 2979 indicato
2315 2933 2399 2968 re-

357 2988 625 3057 cepimus,
664 3003 766 3041 eae
804 2986 966 3040 Italis
1007 2985 1217 3038 saeculi
1258 3003 1330 3037 xv
1371 2982 1660 3039 debentur.

429 3077 474 3137 1,
514 3087 550 3129 1.
593 3075 659 3141 Q.
687 3073 887 3128 Catulli
915 3074 1308 3125 Riccardianus
1349 3071 1441 3136 (pl.
1472 3080 1554 3122 50.
1582 3072 1699 3123 ord.
1728 3081 1773 3126 4.
1802 3074 1914 3126 cod.
1944 3071 2030 3141 28)
2049 3113 2060 3135 ,
2113 3073 2179 3138 Q.
2219 3072 2400 3126 Catuli

286 3147 357 3209 D,
398 3143 603 3197 Catulli
640 3145 686 3195 L
731 3163 843 3197 cum
889 3145 1144 3195 Parisino
1181 3144 1327 3209 reqio
1369 3149 1500 3191 7989
1541 3152 1590 3193 et
1626 3142 1993 3194 Laurentiano
2032 3161 2080 3193 α.
2127 3150 2253 3194 1⁴57
2304 3147 2400 3210 (pl.

287 3225 371 3278 33,
415 3217 516 3279 12).
592 3215 657 3281 Q.
694 3216 894 3268 dicitur
930 3213 1108 3266 Plinio
1146 3214 1198 3264 Ιι.
1235 3229 1290 3262 n.
1330 3219 1414 3274 37,
1456 3220 1505 3263 6.
1579 3210 1639 3265 Ο.
1677 3212 1929 3277 Appuleio
1967 3213 2176 3280 apoloq.
2208 3230 2268 3279 p.
2296 3222 2394 3265 279

286 3285 424 3337 Etm.
463 3295 511 3338 et
546 3285 876 3353 Hieronymo
913 3286 972 3336 in
1010 3286 1189 3336 chron.
1234 3300 1288 3335 n.
1334 3290 1478 3332 1930.
1554 3281 1819 3335 Valerius
1861 3281 2113 3335 Catullus
2151 3282 2400 3335 Suetonio

290 3355 395 3408 Iul.
421 3363 500 3418 73,
539 3354 904 3424 Porphyrioni
937 3355 1012 3406 ad
1037 3352 1261 3406 Horatii
1284 3369 1438 3406 serm.
1472 3361 1516 3417 l,
1551 3362 1628 3417 10,
1665 3361 1723 3403 19
1759 3363 1809 3404 et
1846 3355 2240 3405 commentatori
2266 3353 2399 3405 Cru-

287 3427 483 3493 quiano
519 3444 570 3492 p.
598 3434 716 3480 398.
790 3423 1160 3489 Veronensis]
1200 3424 1337 3489 conf.
1376 3424 1596 3489 interpr.
1647 3421 1846 3491 Veryil.
1894 3423 2082 3475 Veron.
2122 3424 2216 3474 ecl.
2258 3432 2306 3486 6,
2354 3433 2397 3479 1.

285 3496 422 3550 Non.
456 3504 533 3557 15,
558 3504 621 3546 28
644 3515 695 3561 p.
722 3503 818 3546 546
848 3505 897 3547 et
922 3495 1189 3547 Priscian.
1212 3511 1271 3561 p.
1297 3500 1393 3543 546
1416 3493 1480 3546 P.
1591 3492 1733 3546 liber
1769 3492 1965 3562 incipit
1988 3493 2103 3545 DL,
2212 3505 2251 3545 2.
2292 3494 2400 3560 Qui

286 3567 340 3617 D
376 3576 425 3618 et
467 3566 762 3618 Guilelmus
801 3565 1179 3631 Pastrenqicus
1217 3565 1283 3614 cle
1321 3564 1612 3631 oriyinibue
1650 3581 1829 3616 rerum
1857 3581 1909 3628 p.
1942 3572 2005 3614 88
2034 3582 2098 3627 υ.,
2140 3562 2241 3616 Cui
2268 3565 2317 3614 L
2350 3575 2400 3618 et

286 3637 618 3702 eaeemplaria
642 3634 870 3688 Ausonii
901 3636 1077 3703 praef.
1116 3634 1190 3685 ad
1215 3632 1476 3684 Pacatum
1513 3643 1562 3684 et
1593 3636 1768 3701 praef.
1801 3634 2004 3701 qriphi.
2146 3646 2183 3683 3.
2222 3630 2400 3686 Arido

282 3707 369 3758 vel
403 3704 607 3758 Arrido
647 3707 793 3769 libri,
828 3707 1005 3770 itaque
1041 3706 1261 3771 interpr.
1311 3700 1538 3769 Vergilii
1582 3702 1770 3756 Veron.
1809 3704 1903 3755 ecl.
1947 3712 1993 3766 6,
2041 3713 2083 3767 1,
2129 3703 2397 3756 Terentia-

282 3795 385 3827 nus
412 3776 639 3828 Maurus
663 3794 710 3830 υ.
738 3784 893 3840 2563,
923 3776 1136 3827 Marius
1172 3774 1472 3825 Victorinus
1488 3789 1553 3840 p.
1577 3782 1710 3824 2596
1740 3783 1788 3825 et
1813 3771 2062 3825 Isidorus
2088 3776 2218 3841 oriq.
2243 3783 2290 3838 6,
2320 3784 2396 3828 12.

285 3856 342 3899 at
370 3846 586 3898 Servius
626 3847 699 3897 acl
730 3847 862 3900 Aen.
891 3855 968 3909 12,
1003 3852 1099 3897 587
1135 3839 1421 3894 ‘Pumicem
1454 3852 1630 3894 autem
1655 3845 1755 3895 iste
1779 3845 2067 3896 masculino
2091 3861 2283 3910 yenere
2301 3863 2397 3910 po-

285 3917 407 3978 suit,
445 3928 493 3968 et
528 3917 667 3969 hune
701 3918 997 3985 sequimur.-
1032 3932 1161 3966 nam
1196 3924 1245 3966 et
1281 3914 1508 3965 Plautus
1547 3915 1622 3965 ita
1659 3914 1827 3966 dixit.-
1852 3975 1855 3979 Δ
1879 3916 1998 3966 licet
2037 3913 2278 3966 Catullus
2316 3915 2396 3964 di-

284 3988 425 4039 xerit
457 3986 754 4053 feminino.‘
830 3988 954 4038 hino
1007 3983 1141 4038 [tati
1187 3983 1383 4048 Arida,
1430 3985 1609 4051 itaque
1646 3982 1848 4035 Atilius
1889 3983 2108 4035 Fortun.
2153 3983 2399 4035 Putecltii

278 4074 338 4125 p.
368 4065 521 4111 2676.
592 4056 776 4110 ari-ida
812 4057 1207 4123 Pastrenqicus.
1315 4053 1517 4123 punice
1544 4055 1614 4117 D,
1652 4054 1903 4106 Punicae
1939 4055 2336 4120 Paeti-engiens.

283 4139 323 4182 4.
356 4139 394 4177 5.
430 4128 568 4194 conf.
597 4127 841 4180 Plinium
861 4128 1040 4194 praef.
1068 4136 1181 4180 nat.
1211 4126 1334 4176 hiet.
1477 4136 1515 4177 6.
1554 4125 1688 4189 tum]
1727 4127 1912 4176 tamen
1949 4122 2070 4175 DL.
2190 4123 2271 4190 es]
2310 4127 2398 4176 est

282 4196 401 4248 DL.
545 4209 586 4248 9.
622 4198 727 4251 tibi
764 4196 909 4251 habe
946 4196 1063 4251 DL.
1195 4194 1391 4260 libelli]
1430 4193 1537 4246 mei
1574 4194 1864 4247 Parisinus
1902 4203 1952 4247 et
1987 4193 2397 4247 Laurentianus.

354 4279 416 4316 11.
458 4265 679 4335 quidem
718 4270 798 4321 D.-
838 4266 986 4337 quod
1023 4267 1087 4319 L.
1221 4277 1285 4318 13.
1323 4279 1585 4334 peremne
1623 4265 1694 4320 D.

1915 4354 1996 4412 1*
