3364 5328
940 635 1020 695 28
1530 625 1945 719 GATULLUS
1984 632 2072 695 47,
2119 633 2339 696 1-50,
2385 641 2464 683 11.

1111 808 1293 900 Porci
1340 851 1398 901 et
1441 843 1771 914 Socration,
1821 844 1973 900 duae
2017 843 2286 902 sinistrae

1112 928 1358 999 Pisonis,
1404 929 1631 987 scabies
1677 930 1982 1002 famesque
2028 930 2252 999 mundi,

1111 1015 1225 1072 Vos
1272 1015 1626 1073 Veranniolo
1674 1030 1808 1072 ineo
1856 1020 1912 1071 et
1956 1014 2200 1072 Fabullo

1109 1100 1336 1173 Verpus
1381 1100 1723 1174 praeposuit
1768 1100 2014 1174 Priapus
2058 1096 2199 1158 ille?

1025 1197 1078 1235 ³0
1109 1186 1224 1243 Vos
1271 1186 1540 1244 convivia
1583 1186 1745 1243 lauta
1790 1193 2137 1259 sumptuose

983 1268 1063 1327 25
1113 1270 1194 1327 Dc
1241 1271 1335 1329 die
1380 1265 1613 1328 facitis?
1660 1271 1773 1329 mci
1821 1271 2055 1329 sodales

1107 1356 1412 1424 Quaerunt
1454 1355 1513 1414 in
1559 1355 1732 1414 trivio
1778 1354 2162 1416 vocationes?

1104 1506 1372 1604 Mellitos
1419 1547 1623 1605 oculos
1667 1554 1823 1617 tuoS,
1872 1547 2117 1618 Iuventi,

1106 1628 1300 1705 Siquis
1348 1648 1440 1689 me
1483 1632 1639 1690 sinat
1684 1648 1874 1705 usque
1917 1633 2168 1704 basiare,

1049 1732 1074 1769 ⁵
1102 1718 1300 1790 Usque
1345 1719 1420 1775 ad
1465 1717 1624 1775 milia
1667 1718 1895 1777 basiem
1942 1725 2221 1790 trecenta,

1105 1803 1222 1860 Nec
1266 1818 1529 1875 unquam
1574 1803 1777 1861 videar
1820 1810 1986 1862 satur
2029 1805 2281 1876 suturuS,

1104 1888 1231 1946 Non
1276 1889 1324 1947 si
1372 1889 1611 1947 densior
1654 1888 1834 1947 aridis
1879 1890 2073 1948 aristis

1104 1974 1192 2034 Sit
1234 1970 1471 2034 nostrae
1514 1990 1684 2049 seges
1730 1975 2132 2037 osculationis.

1105 2128 1506 2224 Disertissime
1550 2165 1780 2223 Romuli
1826 2173 2127 2239 nepotum,

1025 2264 1076 2302 ιο
1101 2251 1257 2319 Quot
1299 2257 1439 2307 sunt
1483 2257 1747 2321 quotque
1791 2251 1976 2315 fuere,
2023 2252 2218 2307 Marce
2261 2251 2429 2322 Tulli,

1102 2336 1375 2407 Quotque
1419 2341 1553 2406 post
1596 2334 1724 2391 aliis
1772 2342 1945 2391 erunt
1988 2334 2045 2391 in
2093 2336 2282 2404 annis,

1103 2421 1330 2479 Gratias
1373 2419 1477 2477 tibi
1523 2419 1806 2476 maximas
1853 2418 2117 2477 Catullus

1100 2505 1234 2579 Agit
1276 2505 1568 2578 pessimus
1612 2504 1876 2561 omnium
1922 2512 2115 2578 poeta,

1105 2592 1290 2649 Tanto
1337 2589 1626 2663 pessimus
1670 2589 1933 2663 omnium
1979 2598 2153 2663 poeta

1023 2689 1071 2728 1⁵
1101 2679 1334 2747 Quanto
1380 2683 1441 2734 tu
1489 2675 1746 2747 optimus
1794 2675 2056 2732 omnium
2104 2680 2407 2749 patronus.

1102 2808 1419 2916 Hesterno,
1467 2843 1668 2915 Licini,
1717 2844 1810 2901 die
1855 2844 2026 2901 otiosi

1102 2931 1348 2989 Multum
1391 2930 1637 2988 lusimus
1685 2930 1742 2987 in
1790 2929 1935 2987 meis
1980 2930 2229 3000 tabelliS,

1100 3017 1174 3077 Ut
1219 3023 1578 3075 convenerat
1621 3031 1753 3073 esse
1799 3016 2097 3074 delicatos.
2199 3010 2201 3013 ’

1000 3135 1013 3153 ι
1102 3103 1376 3162 Scribens
1422 3102 1744 3160 versiculos
1790 3109 2039 3174 uterque
2085 3107 2351 3159 nostrum

1021 3203 1073 3241 20
1098 3189 1365 3247 Ludebat
1409 3203 1654 3246 numero
1701 3189 1879 3246 modo
1925 3189 2038 3245 hoc
2081 3188 2258 3246 modo
2305 3187 2460 3255 illoc,
2512 3188 2516 3192 ’

1102 3276 1374 3333 Reddens
1421 3280 1624 3331 mutua
1668 3289 1776 3347 per
1819 3273 2014 3330 iocum
2062 3280 2238 3345 atque
2283 3273 2501 3331 vinum.

1103 3360 1294 3433 Atque
1336 3358 1503 3417 illinc
1540 3358 1653 3416 abii
1700 3365 1801 3416 tuo
1847 3358 2049 3430 lepore
2127 3416 2138 3422 ,

1100 3449 1400 3516 IncensuS,
1449 3443 1652 3514 Licini,
1698 3443 2060 3515 facetiisque,

1102 3532 1175 3590 Ut
1216 3546 1326 3588 nec
1370 3546 1464 3587 me
1507 3530 1789 3586 miserum
1837 3528 2002 3587 cibus
2048 3528 2293 3601 iuvaret,

1020 3628 1071 3667 25
1097 3617 1214 3674 Nec
1257 3630 1503 3673 somnus
1548 3620 1773 3688 tegeret
1816 3614 2011 3686 quiete
2056 3615 2293 3682 ocello&

1102 3702 1218 3760 Sed
1263 3707 1387 3759 toto
1431 3699 1753 3759 indomitus
1798 3701 1997 3759 furore
2042 3702 2192 3759 lecto
2423 3746 2449 3772 ,

1070 3852 1158 3915 24,
1195 3865 1257 3903 28.
1295 3849 1581 3903 Veraniolo
1626 3853 1695 3902 D.
1840 3865 1900 3902 22.
1940 3849 2237 3922 proposuit
2273 3852 2394 3902 DL.
2540 3863 2602 3900 30.
2642 3850 2792 3902 laute
2833 3852 2901 3900 D.

1069 3924 1153 3985 25,
1191 3937 1229 3973 3.
1269 3921 1479 3974 inventi
1519 3921 1639 3972 DL.
1748 3933 1787 3971 o.
1825 3921 1951 3974 Nec
1991 3937 2283 3989 numquam
2312 3922 2710 3974 Laurentianus
2747 3932 2795 3972 et
2827 3938 2898 3988 pr
2923 3922 3045 3972 Ric-

930 3996 1236 4047 cardianus.
1347 3990 1538 4044 videar
1572 3992 1819 4056 Baptista
1862 3993 2161 4045 Guarinus:
2204 3990 2334 4043 inde
2374 4008 2469 4045 cor
2507 3992 2571 4053 L,
2612 3990 2741 4042 inde
2780 3995 2869 4043 tot
2905 3992 2973 4041 D.

928 4077 989 4118 10.
1030 4063 1188 4130 Quod
1230 4064 1298 4113 D.
1414 4068 1551 4130 quot
1591 4063 1653 4112 L.
1782 4061 2001 4115 fuerunt
2036 4063 2156 4114 DL.
2291 4073 2353 4111 15.
2392 4062 2608 4131 patron.
2648 4063 2719 4123 D,
2757 4069 3044 4129 patronum

928 4135 1325 4187 Laurentianus
1363 4144 1412 4186 et
1448 4132 1863 4185 Riccardianus.
2007 4144 2071 4181 16.
2109 4131 2278 4185 lucini
2321 4134 2392 4183 D.
2536 4143 2596 4181 17.
2634 4122 2843 4184 fabulis
2883 4133 2952 4182 D.

929 4217 993 4254 22.
1032 4202 1175 4257 abiit
1210 4205 1329 4256 DL.
1474 4215 1536 4252 23.
1575 4201 1746 4255 lucini
1785 4204 1855 4255 D.
1965 4202 2134 4257 faceti
2171 4201 2366 4274 tuique
2405 4203 2524 4255 DL.
2652 4213 2714 4254 24.
2754 4217 2838 4254 me
2878 4219 2959 4254 om
2998 4201 3048 4253 L

931 4274 1084 4329 solus.
1227 4286 1290 4325 25.
1331 4277 1563 4329 somnos
1601 4274 1670 4323 D.
