3364 5328
866 614 1284 669 OATULLUS
1322 615 1408 678 25,
1450 623 1478 665 o
1502 613 1675 679 —28,
1717 623 1764 667 s.
2295 617 2372 677 17

426 795 679 855 Remitte
725 794 966 866 pallium
1015 792 1155 849 mihi
1200 778 1416 862 metim,
1465 792 1623 864 quod
1672 789 1962 861 involasti,

424 882 864 952 sudariumque
910 877 1227 935 Saetabum
1275 878 1787 951 catagraphosque
1829 875 2086 949 ThynoS,

427 968 648 1040 lnepte,
698 981 851 1038 quae
898 963 1089 1036 palam
1136 964 1292 1021 soles
1338 962 1558 1020 habere
1604 969 1885 1032 tanquam
1932 961 2104 1017 avita.

324 1082 340 1094 ·
427 1053 593 1121 Quae
638 1065 799 1108 nunc
845 1049 960 1107 tuis
1007 1048 1080 1105 ab
1129 1048 1428 1121 unguibus
1472 1046 1768 1121 reglutina
1813 1054 1871 1102 et
1914 1046 2160 1111 remitte,

343 1151 395 1191 10
426 1138 509 1196 Ne
552 1138 791 1195 laneum
838 1134 1194 1193 latusculum
1244 1149 1576 1205 manusque
1625 1131 1968 1189 mollicellas

426 1225 626 1281 Inusta
671 1221 920 1295 turpiter
963 1218 1066 1276 tibi
1112 1218 1347 1292 flagella·
1389 1218 1845 1286 conscribillent,

428 1311 500 1367 Et
542 1308 866 1365 insolenter
911 1312 1143 1363 aestues
1188 1304 1349 1362 velut
1394 1304 1620 1361 minuta
1664 1317 1881 1375 magno

430 1394 728 1467 Deprensa
776 1392 941 1449 navis
986 1390 1044 1449 in
1092 1390 1236 1447 mari
1286 1390 1625 1447 vesaniente
1671 1395 1870 1445 vento.

430 1561 605 1669 Furi,
653 1597 852 1655 villula
898 1601 1102 1653 nostra
1147 1608 1267 1652 non
1314 1596 1388 1652 ad
1434 1591 1630 1651 Austri

349 1696 398 1733 15
425 1683 624 1742 Flatus
670 1682 941 1755 opposita
986 1687 1075 1738 est
1119 1696 1313 1752 neque
1358 1679 1431 1736 ad
1480 1680 1699 1737 Favoni

432 1769 548 1826 Nec
594 1768 754 1825 saevi
802 1767 1025 1825 Boreae
1070 1772 1173 1823 aut
1216 1765 1538 1838 Apeliotae.

313 1917 320 1923 ,
431 1855 646 1913 Verum
693 1853 769 1911 ad
816 1852 973 1910 milia
1019 1851 1354 1923 quindecim
1401 1857 1460 1907 et
1504 1850 1810 1908 ducentos

434 1939 481 1997 Ο
529 1945 769 1998 ventum
817 1937 1157 1995 horribilem
1205 1942 1382 2007 atque
1427 1933 1830 2008 pestilentem!

435 2107 718 2201 Minister
762 2142 937 2200 vetuli
983 2157 1131 2215 puer
1176 2142 1403 2200 Falerni

354 2242 408 2280 20
434 2230 609 2303 Inger
651 2228 728 2286 mi
774 2228 984 2285 calices
1028 2226 1370 2297 amarioreS,

436 2317 509 2373 Ut
554 2315 644 2371 lex
688 2314 1024 2371 Postumiae
1071 2314 1234 2371 iubet
1276 2313 1591 2386 magistrae

432 2400 679 2457 Ebriosa
717 2400 890 2456 acina
938 2398 1294 2457 ebriosioriS.

434 2485 507 2543 At
550 2500 657 2543 vos
704 2500 821 2557 quo
868 2484 1030 2543 lubet
1075 2485 1213 2544 hinc
1257 2485 1432 2554 abite,
1480 2486 1753 2559 lymphae

434 2571 562 2629 Vini
611 2570 919 2643 pernicieS,
970 2578 1027 2629 et
1073 2571 1143 2627 ad
1192 2586 1432 2629 severos

355 2670 404 2708 25
430 2656 700 2732 Migrate:
747 2655 841 2715 hic
883 2672 1082 2715 merus
1129 2664 1217 2715 est
1262 2657 1657 2733 Thyonianus.

439 2826 681 2921 Pisonis
727 2864 989 2934 eomiteS,
1037 2867 1251 2924 cohors
1297 2865 1489 2925 inanis

440 2948 602 3021 Aptis
647 2949 958 3018 sarcinulis
1004 2957 1063 3009 et
1107 2952 1410 3026 expeditiS,

440 3034 694 3091 Veranui
741 3035 959 3108 optime
1005 3043 1188 3108 tuque
1233 3039 1311 3096 mi
1356 3036 1616 3104 Fabulle,

441 3119 592 3187 Quid
639 3135 835 3176 rerum
882 3117 1126 3194 geritis?
1171 3123 1393 3181 satisne
1440 3137 1575 3180 cum
1622 3120 1733 3178 isto

358 3204 638 3278 30Vappa
682 3204 1022 3278 frigoraque
1065 3214 1124 3266 et
1163 3209 1375 3266 samem
1421 3200 1677 3266 tulistis?

326 3288 403 3347 15
450 3290 813 3363 Ecquidnam
859 3291 917 3349 in
963 3293 1179 3351 tabulis
1224 3302 1381 3368 patet
1424 3291 1619 3351 lucelli

442 3376 797 3448 Expensum,
846 3382 912 3433 ut
955 3379 1114 3449 mihi,
1164 3380 1263 3451 qui
1308 3395 1504 3438 meum
1545 3382 1785 3436 secutus

444 3462 781 3520 Praetorem
826 3462 1018 3522 refero
1065 3465 1265 3523 datum
1311 3465 1525 3524 lucello

415 3677 499 3742 14,
537 3689 576 3729 7.
614 3678 907 3732 sathabum
944 3678 1060 3743 DL,
1105 3678 1397 3732 sethabum
1435 3679 1855 3730 Laurentianus.
1966 3677 2116 3731 tinos
2155 3678 2224 3740 D,
2264 3675 2383 3745 thy-

272 3764 394 3802 mos
432 3749 493 3800 L.
609 3761 647 3798 9.
686 3749 798 3803 tuis
837 3751 870 3800 ό
910 3748 1209 3818 ingunibus
1248 3751 1319 3801 D.
1434 3761 1495 3798 11.
1534 3748 1726 3800 Insula
1760 3749 1878 3799 DL.
1988 3746 2388 3800 conscribilent

273 3818 340 3883 L,
379 3818 742 3873 conscribent
778 3821 848 3871 D.
995 3832 1057 3870 12.
1096 3818 1251 3873 velut
1288 3818 1519 3872 inimica
1553 3818 1673 3868 DL.
1817 3831 1880 3868 15.
1918 3817 2124 3872 favonii
2166 3818 2282 3868 DL.

273 3902 335 3940 16.
373 3887 658 3959 apheliote
685 3890 803 3941 DL.
945 3890 1214 3958 mtnger
1249 3890 1411 3942 codex
1452 3888 1615 3941 Gellii
1644 3888 2012 3956 Schoppianns
2057 3897 2154 3950 7,
2145 3897 2235 3939 2zo
2300 3889 2385 3938 Iu-

272 3974 405 4026 gere
443 3958 565 4011 DL.
626 3960 791 4028 Inger
828 3964 1124 4030 εἴσκρασον
1161 3961 1316 4026 qloss.
1360 3958 1516 4012 Labb.
1552 3956 1746 4024 p-9312.
1969 3958 2209 4010 Ebriosa
2246 3957 2386 4008 codi-

273 4046 359 4081 ces
401 4030 566 4082 Gellii
602 4032 743 4098 (ipse
773 4032 994 4096 Gellius,
1032 4041 1091 4083 ut
1126 4031 1402 4097 Hauptius
1439 4030 1589 4092 vidit,
1630 4027 1848 4096 Ebria).
1890 4028 2161 4081 Ebrioeae
2198 4027 2317 4079 DL.

272 4099 437 4152 acina
475 4101 679 4152 codices
720 4102 900 4168 Gellii,
939 4112 997 4153 ut
1034 4102 1273 4154 videtur.
1313 4100 1475 4153 acino
1502 4101 1572 4164 D,
1612 4099 1808 4151 acinae
1846 4096 1908 4148 L.
2016 4111 2078 4148 23.
2118 4096 2264 4164 quod
2307 4096 2386 4147 iu-

272 4169 370 4223 bet
410 4170 526 4220 DL
670 4183 733 4222 25
771 4187 926 4226 meus
964 4176 1056 4225 est
1094 4170 1425 4225 antonianus
1462 4169 1525 4220 L.
1668 4181 1731 4218 28.
1771 4168 1985 4221 Verani
2025 4171 2092 4220 D.

418 4257 501 4322 15,
540 4269 576 4307 1.
616 4257 692 4311 Et
729 4257 863 4328 qnid
901 4273 1028 4313 nam
1067 4261 1136 4324 D,
1176 4258 1257 4312 Vt
1294 4257 1425 4327 quid
1465 4271 1589 4310 nam
1627 4255 1688 4306 L.

1942 4344 1979 4403 2
