3364 5328
822 633 1236 689 CATULLUS
1274 636 1360 699 29,
1404 644 1466 686 22
1492 637 1662 700 —31‚
1712 646 1787 687 14.
2281 644 2356 706 19

364 804 370 811 ’
409 811 526 868 Nisi
572 817 752 868 uncta
799 810 1086 867 devorare
1130 809 1522 884 patrimonia?

408 897 571 954 Eone
616 894 857 953 nomine
903 895 1087 967 urbiS,
1137 897 1577 969 opulentissime

409 982 608 1052 Socer,
658 996 976 1054 generque,
1023 982 1359 1053 perdidistis
1406 978 1644 1041 omnia?

355 1184 378 1221 ⁵
407 1134 685 1245 Alphcne
730 1171 1021 1228 inmemor
1066 1177 1242 1243 atquc
1288 1172 1578 1230 unanimis
1626 1173 1771 1230 false
1816 1173 2138 1245 sodalibus,

409 1256 527 1315 lam
573 1264 630 1314 te
676 1256 755 1313 nil
804 1255 1057 1323 miseret,
1108 1256 1271 1325 dure,
1322 1257 1405 1312 tui
1452 1258 1638 1314 dulcis
1687 1253 1964 1315 amiculi?

496 1344 615 1399 lam
662 1358 757 1398 me
803 1340 1072 1412 prodere,
1121 1340 1235 1397 iam
1285 1356 1400 1398 non
1450 1342 1684 1400 dubitas
1730 1344 1949 1412 fallere,
1997 1340 2269 1416 perfide?

412 1430 575 1486 Eheu
622 1427 761 1499 quid
808 1426 1043 1494 faciant,
1092 1426 1198 1494 dic,
1248 1426 1534 1497 homines,
1585 1429 1753 1485 cuive
1796 1430 2053 1486 habeant
2099 1427 2314 1487 fidem?

497 1513 668 1571 Certe
711 1518 837 1569 tute
882 1510 1127 1568 iubebas
1174 1511 1427 1568 animam
1475 1514 1725 1583 tradere,
1776 1514 1993 1586 inique,
2043 1531 2137 1571 me

334 1610 384 1647 1⁰
412 1600 704 1657 inducens
750 1597 808 1654 in
857 1612 1135 1665 amorem,
1186 1598 1352 1668 quasi
1401 1605 1521 1655 tuta
1572 1599 1767 1656 omnia
1814 1600 1890 1656 mi
1940 1600 2148 1657 forent.

497 1685 655 1741 idem
702 1697 865 1740 nunc
907 1681 1157 1739 retrahis
1201 1690 1258 1740 te
1302 1698 1370 1739 ac
1413 1690 1513 1740 tua
1560 1684 1715 1741 dicta
1761 1685 1954 1742 omnia
2004 1685 2274 1757 factaque

410 1771 629 1828 Ventos
675 1768 836 1825 irrita
883 1768 1035 1825 ferre
1081 1782 1147 1824 ac
1192 1768 1439 1825 nebulas
1485 1770 1673 1826 aerias
1719 1770 1880 1827 sinis,

496 1856 556 1914 Si
602 1862 666 1912 tu
713 1853 930 1911 oblitus
975 1867 1059 1921 eS,
1107 1859 1166 1909 at
1211 1853 1287 1910 dii
1334 1855 1748 1924 meminerunt,
1797 1856 2062 1913 meminit
2109 1856 2296 1927 Fides,

412 1943 578 2009 Quae
620 1947 677 1997 te
721 1946 788 1997 ut
830 1939 1126 2012 paeniteat
1170 1940 1484 2011 postmodo
1530 1941 1663 1997 sacti
1710 1941 1884 1998 faciet
1927 1941 2043 1998 tui:

334 2039 384 2075 15
497 2026 615 2083 Nec
662 2025 811 2081 facta
855 2024 1031 2097 impia
1078 2024 1351 2081 fallacum
1407 2026 1712 2083 hominum
1762 2026 2055 2084 caelicolis
2101 2028 2356 2100 placent.

415 2113 582 2179 Quae
626 2116 690 2167 tu
735 2109 994 2182 negligis,
1044 2124 1111 2165 ac
1155 2126 1248 2166 me
1294 2110 1572 2179 miserum
1621 2112 1844 2170 deseris
1889 2112 1948 2169 in
1993 2112 2179 2170 malis.

419 2262 623 2359 Paene
666 2299 1014 2369 insularum,
1063 2299 1293 2369 Sirmio,
1341 2300 1789 2374 insularumque

413 2386 625 2455 Ocelle,
675 2400 1061 2458 quascunque
1106 2386 1164 2443 in
1211 2386 1571 2457 liquentibus
1616 2387 1841 2461 stagnis

407 2471 669 2544 Marique
713 2479 880 2529 vasto
926 2472 1036 2530 fert
1081 2478 1331 2543 uterque
1373 2471 1698 2545 NeptunuS,

329 2570 381 2606 2⁰
409 2558 597 2626 Quam
643 2564 701 2614 te
744 2557 997 2615 libenter
1042 2572 1337 2635 quamque
1382 2558 1569 2615 laetus
1615 2557 1825 2627 invise,

411 2643 518 2701 Vix
562 2642 641 2700 mi
686 2643 812 2716 ipse
857 2644 1103 2701 credens
1147 2643 1431 2718 Thyniam
1478 2650 1656 2717 atque
1702 2643 1987 2717 Bithynos

410 2729 677 2802 Liquisse
721 2739 961 2802 campos
1009 2735 1067 2786 et
1112 2729 1309 2787 videre
1354 2737 1412 2787 te
1460 2730 1519 2787 in
1566 2728 1724 2787 tuto!

415 2817 461 2874 Ο
508 2815 650 2888 quid
694 2815 902 2872 solutis
949 2821 1037 2872 est
1081 2814 1311 2893 beatius
1357 2815 1534 2886 curiS,

414 2901 558 2959 Cum
604 2915 772 2957 mens
818 2914 968 2958 onus
1012 2901 1262 2973 reponit,
1311 2916 1380 2958 ac
1424 2902 1737 2974 peregrino

334 2999 383 3036 2⁵
410 2987 637 3044 Labore
684 2985 819 3042 fessi
865 2986 1133 3043 venimus
1180 2987 1361 3048 larem
1409 2988 1483 3043 ad
1529 2994 1800 3044 nostrum

418 3071 876 3142 Desideratoque
922 3071 1350 3143 acquiescimus
1395 3073 1564 3129 lecto,

417 3157 541 3214 Hoc
586 3163 692 3225 est,
742 3155 901 3228 quod
947 3171 1132 3214 unum
1179 3163 1268 3214 est
1312 3172 1418 3229 pro
1463 3156 1769 3215 laboribus
1814 3157 2009 3214 tantis.

413 3242 603 3311 Salve,
652 3256 686 3297 o
732 3248 981 3298 venusta
1026 3241 1256 3311 Sirmi0,
1306 3249 1483 3315 atque
1528 3243 1672 3300 hero
1721 3243 1941 3316 gaude:

415 3326 679 3385 Gaudete
722 3341 964 3398 vosque,
1011 3342 1046 3383 o
1093 3327 1309 3400 Lydiae
1355 3328 1516 3384 lacus
1565 3328 1794 3385 undae:

331 3423 384 3460 ³0
408 3413 633 3484 Ridete,
682 3412 963 3484 quicquid
1009 3418 1096 3470 est
1142 3413 1299 3470 domi
1348 3413 1792 3472 cachinnorum.

383 3578 470 3641 16,
508 3589 546 3633 2.
588 3581 792 3632 cuncta
818 3579 879 3632 L.
964 3590 1001 3627 3.
1041 3576 1227 3631 verbis
1253 3579 1323 3630 D.
1365 3578 1516 3632 orbis
1546 3578 1837 3646 Hauptius.
1907 3581 2135 3644 fortasse
2162 3595 2194 3633 o
2219 3579 2355 3649 piis-

237 3648 400 3703 sime.
492 3660 530 3697 4.
570 3648 760 3702 Gener
784 3663 1056 3716 socerque
1096 3649 1255 3701 catal.
1295 3650 1446 3716 Ver-9.
1474 3659 1523 3713 3,
1553 3658 1600 3705 6.
1691 3662 1728 3699 6.
1770 3648 1904 3701 nihil
1933 3649 2048 3704 DL.
2142 3648 2261 3702 duri
2290 3652 2359 3705 D.

306 3730 345 3773 7.
386 3730 472 3770 me
493 3730 615 3785 post
652 3734 759 3771 non
788 3721 899 3772 add
925 3717 990 3782 L,
1031 3729 1152 3770 ante
1180 3735 1290 3771 non
1317 3720 1385 3772 D.
1483 3735 1585 3788 per
1623 3718 1786 3772 fidem
1815 3721 1882 3770 D.
1979 3733 2017 3772 8.
2057 3719 2216 3773 Oheu
2243 3720 2357 3771 DL.

305 3786 462 3857 quod
489 3790 560 3839 D.
648 3787 775 3842 dieo
803 3791 922 3843 DL.
1013 3801 1049 3842 9.
1090 3803 1176 3840 me
1214 3807 1296 3840 om
1334 3789 1449 3841 DL.
1539 3801 1599 3843 ιο.
1641 3788 1728 3840 Tu
1768 3788 1977 3842 ducens
2016 3791 2084 3840 D.
2176 3791 2360 3842 omnia

230 3862 358 3911 tuta
397 3858 516 3913 DL.
663 3871 724 3912 11.
762 3859 917 3912 Idem
958 3856 1396 3911 Laurentianus:
1452 3857 1587 3911 Inde
1628 3859 1743 3910 DL.
1904 3858 1973 3911 ad
2011 3863 2109 3912 tua
2150 3862 2218 3914 D.

228 3942 293 3982 12.
334 3929 536 3983 Vento
578 3932 647 3982 D.
739 3945 936 3984 aereas
969 3946 1041 3995 pr
1081 3928 1138 3980 L.
1261 3941 1321 3984 13.
1361 3933 1422 3982 ut
1461 3929 1539 3982 dii
1575 3929 1636 3992 L,
1675 3928 1827 3981 audii
1868 3931 1955 3995 (ni
1973 3931 2181 3997 fallor)
2218 3931 2288 3982 D.

230 4011 295 4055 14.
336 4001 636 4069 postremo
674 4000 744 4051 D.
877 4013 938 4055 15.
978 4009 1027 4052 et
1065 4011 1110 4048 16
1146 4001 1247 4052 huc
1284 4002 1544 4063 revocavi,
1583 4018 1699 4051 cum
1737 4002 1792 4050 in
1832 4000 1985 4051 libris
2020 4010 2361 4064 sequeremur

227 4088 453 4123 versum
490 4071 782 4135 septimum.
900 4084 960 4123 15.
1001 4069 1254 4139 improba
1291 4071 1367 4122 D.
1492 4082 1550 4121 16.
1593 4070 1747 4136 Quos
1784 4087 1967 4137 maa-90
2002 4070 2063 4120 L.
2189 4082 2251 4122 20.
2292 4068 2356 4121 li-

227 4140 407 4195 bente
451 4139 514 4189 L.
647 4151 710 4191 21.
751 4141 883 4194 mihi
922 4139 1036 4192 DL.
1099 4152 1104 4157 ·
1167 4139 1415 4194 crederis
1453 4143 1523 4192 D.
1651 4139 1896 4192 thimiam
1937 4140 2053 4192 DL.
2191 4139 2355 4191 bithi-

221 4212 353 4277 nios
397 4210 468 4264 L.
563 4222 627 4265 29.
667 4209 865 4264 Gaude
894 4210 957 4263 L.
1057 4224 1156 4262 vos
1198 4226 1418 4279 quoque
1456 4208 1584 4273 DL,
1624 4225 1839 4279 vosque
1877 4209 1963 4261 vel
1999 4225 2096 4264 vos
2136 4225 2168 4261 o
2206 4207 2358 4262 Itali.

297 4278 560 4351 Lydiae]
600 4282 760 4335 immo
796 4281 1030 4336 Libuae.

1856 4370 1893 4428 2
1919 4365 1958 4406 ne
