3364 5328
772 666 1180 724 OATULLUS
1219 669 1304 732 76,
1338 674 1559 720 19—26.
1595 667 1684 731 88,
1716 668 1902 733 1-90,
1932 675 1979 720 6.
2344 668 2422 728 75

485 848 577 907 Me
619 848 899 906 miserum
943 844 1182 918 aspicite
1223 843 1326 920 (et,
1373 845 1422 902 si
1466 844 1644 902 vitam
1690 845 1913 917 puriter
1958 844 2069 919 egi,

569 934 787 1006 Eripite
831 934 985 991 hanc
1028 938 1253 1004 pestem
1300 931 1739 1004 perniciemque
1783 928 1970 1005 mihi),

405 1031 457 1071 2⁵
484 1018 590 1078 Hei
633 1020 776 1079 mihi
820 1031 1139 1091 surrepens
1182 1017 1333 1075 imos
1377 1022 1443 1074 ut
1487 1021 1692 1089 torpor
1735 1016 1795 1074 in
1841 1022 2003 1075 artus

568 1105 807 1180 Expulit
850 1119 924 1162 cx
967 1101 1128 1160 omni
1171 1108 1410 1176 pectore
1451 1101 1720 1163 laetitiaS.
1833 1106 1834 1109 ’

484 1189 612 1249 Νο11
654 1191 774 1249 iam
818 1189 966 1248 illud
1012 1202 1254 1261 quaero,
1302 1193 1509 1244 contra
1552 1193 1618 1244 ut
1662 1202 1758 1246 me
1802 1187 2004 1260 diligat
2046 1186 2164 1255 illa,

570 1275 705 1347 Aut,
755 1274 913 1349 quod
964 1288 1084 1331 11011
1128 1273 1282 1347 potis
1325 1280 1432 1342 est,
1479 1287 1608 1330 esse
1653 1273 1871 1346 pudica
1914 1271 2080 1330 velit:

487 1361 620 1434 lpse
664 1362 861 1420 valere
905 1365 1044 1431 opto
1088 1366 1146 1416 et
1187 1365 1404 1417 tetrum
1450 1360 1611 1417 hunc
1656 1358 1956 1432 deponere
1998 1358 2290 1416 morbum.

407 1457 460 1496 30
573 1446 619 1505 Ο
667 1446 766 1516 dii,
810 1444 1039 1506 reddite
1082 1444 1162 1503 mi
1205 1445 1320 1502 hoc
1365 1459 1473 1518 pro
1518 1443 1734 1517 pietate
1777 1460 1927 1503 mea.

362 1665 435 1726 71
488 1632 656 1736 Quid
700 1666 838 1725 facit
879 1666 947 1738 15,
997 1666 1162 1738 Gelli,
1210 1667 1311 1739 qui
1358 1680 1493 1724 cum
1538 1671 1727 1724 matre
1770 1674 1947 1740 atque
1993 1680 2197 1724 sorore

570 1753 766 1811 Prurit
810 1759 868 1810 et
911 1751 1152 1811 abiectis
1196 1752 1508 1826 pervigilat
1550 1747 1809 1809 tunicis?

484 1838 639 1907 Quid
680 1838 820 1896 facit
861 1839 928 1908 is,
976 1844 1252 1911 patruum
1298 1837 1399 1910 qui
1441 1852 1563 1895 non
1606 1837 1747 1895 sinit
1789 1852 1920 1895 esse
1963 1832 2280 1896 maritum?

570 1925 753 1996 Ecqui
795 1924 929 1999 scis
956 1930 1243 1996 quantum
1287 1922 1569 1995 suscipiat
1610 1918 1895 1980 sceleris?

428 2022 453 2061 5
480 2009 754 2083 Suscipit,
801 2023 837 2066 0
883 2009 1049 2077 Gelli,
1096 2012 1386 2080 quantum
1429 2022 1550 2064 non
1598 2007 1802 2065 ultima
1846 2009 2060 2082 Tethys

570 2095 688 2153 Nec
733 2093 966 2168 genitor
1005 2093 1404 2167 Nympharum
1449 2091 1635 2150 abluit
1680 2093 1978 2153 Oceanus:

482 2181 627 2253 Nam
670 2180 817 2238 nihil
860 2187 949 2238 est
993 2172 1308 2252 quicquam
1352 2178 1609 2251 seeleriS,
1659 2193 1777 2251 quo
1822 2181 2073 2253 prodeat
2119 2181 2290 2249 ultra,

568 2266 696 2324 Non
741 2265 791 2324 si
838 2265 1091 2325 demisso
1137 2280 1203 2324 se
1244 2265 1370 2338 ipse
1415 2270 1582 2323 voret
1626 2264 1831 2338 capite.
2210 2265 2214 2269 ’

483 2448 716 2546 Gellius
762 2493 853 2545 est
895 2487 1117 2545 tenuis:
1165 2487 1306 2560 quid
1352 2482 1454 2545 ni?
1500 2487 1593 2545 cui
1638 2493 1759 2544 tam
1805 2486 1963 2543 bona
2007 2495 2194 2547 mater

403 2585 453 2623 ιο
564 2574 825 2645 Tamque
869 2573 1073 2631 valens
1119 2572 1278 2631 vivat
1319 2579 1558 2646 tamque
1603 2578 1852 2631 venusta
1897 2587 2069 2631 soror

482 2660 743 2733 Tamque
784 2659 980 2717 honus
1023 2667 1270 2733 patruus
1313 2667 1553 2734 tamque
1598 2658 1799 2718 omnia
1842 2658 2017 2733 plena
2060 2661 2273 2734 puellis

568 2744 865 2820 cognatis,
915 2761 1098 2818 quare
1141 2746 1190 2804 is
1238 2747 1467 2804 desinat
1510 2762 1643 2805 esse
1687 2739 1926 2803 macer?

482 2831 596 2901 Qui
641 2838 706 2889 ut
749 2831 892 2890 nihil
937 2831 1204 2905 attingat,
1252 2832 1364 2890 nisi
1407 2834 1567 2906 quod
1614 2832 1701 2889 fas
1746 2838 1990 2905 tangere
2035 2846 2155 2890 non
2202 2839 2309 2908 051,

528 2923 531 2926 ’
565 2916 960 2985 Quantumvis
1005 2932 1190 2991 quare
1234 2918 1310 2975 sit
1352 2932 1553 2975 macer
1596 2917 1879 2975 invenies,
2035 2930 2042 2936 ·

399 3145 449 3185 15
478 3094 778 3191 Nascatur
822 3135 1025 3208 Magus
1070 3150 1142 3192 ex
1188 3135 1333 3193 Gelli
1374 3137 1703 3210 matrisque
1750 3139 2006 3197 nefando

568 3217 854 3293 Coniugio
902 3225 960 3278 et
1005 3220 1192 3278 discat
1239 3220 1536 3279 Persicum
1586 3223 1972 3297 aruspicium:

480 3304 624 3361 Nam
667 3305 871 3378 Magus
916 3321 989 3364 ex
1034 3312 1221 3364 matre
1267 3313 1325 3368 et
1367 3313 1546 3381 gnato
1591 3309 1868 3383 gignatur
1912 3318 2162 3385 oportet,

566 3389 626 3448 si
669 3405 811 3448 vera
855 3398 944 3449 est
988 3392 1303 3450 Persarum
1347 3393 1528 3467 impia
1572 3394 1820 3469 relligio,

479 3476 705 3535 Gnatus
750 3483 815 3533 ut
858 3483 1100 3551 accepto
1148 3485 1461 3538 veneretur
1506 3480 1767 3539 carmine
1814 3480 1980 3539 divos

398 3573 450 3612 20
565 3563 877 3621 Omentum
923 3562 982 3622 in
1027 3562 1262 3620 flamma
1310 3565 1528 3638 pingue
1570 3567 1971 3639 liquefaciens.

450 3745 533 3810 70,
570 3757 633 3797 23.
669 3745 916 3815 pueriter
952 3747 1017 3798 L.
1157 3758 1221 3797 25.
1258 3746 1366 3799 Seu
1403 3748 1522 3799 DL.
1665 3752 1730 3802 ut
1765 3753 1847 3803 D.-
1883 3752 1940 3805 in
1975 3754 2041 3804 L.
2187 3771 2421 3826 corpore

305 3815 362 3868 111
399 3816 520 3867 DL.
661 3828 725 3868 26.
765 3814 991 3870 delitias
1028 3818 1099 3867 D.
1249 3828 1310 3867 27.
1351 3832 1436 3870 me
1473 3821 1536 3873 111
1570 3835 1657 3873 1110
1695 3822 2111 3878 Laurentianus.
2262 3838 2325 3877 29.
2366 3830 2424 3879 et

304 3886 503 3939 iterum
532 3904 605 3952 pr
641 3887 701 3938 L.
807 3899 870 3938 30.
907 3886 1253 3958 proprietate
1295 3888 1356 3939 L.

447 3974 533 4040 71,
571 3986 610 4029 1.
647 3987 687 4025 3.
725 3973 869 4028 facis
909 3974 957 4028 is
994 3976 1064 4026 D.
1171 3988 1210 4031 2.
1248 3976 1474 4030 Proruit
1504 3995 1576 4046 pr
1613 3980 1675 4031 L.
1784 3992 1821 4032 4.
1864 3980 1939 4033 Et
1977 3984 2071 4051 qui
2102 3984 2171 4047 D,
2210 3983 2420 4051 Ecquid

304 4047 719 4109 Laurentianus,
757 4045 836 4098 Et
874 4044 1005 4113 quid
1043 4048 1108 4097 L.
1219 4050 1497 4115 quamtum
1534 4051 1605 4115 D,
1644 4053 1857 4104 tantum
1890 4053 1955 4105 L.
2064 4066 2103 4109 5.
2141 4059 2421 4122 quamtum

303 4117 372 4167 D.
509 4127 547 4170 7.
589 4113 737 4184 quod
776 4117 847 4168 D.
980 4129 1017 4168 8.
1059 4132 1122 4169 se
1158 4118 1284 4186 ipso
1322 4120 1393 4169 D.
1527 4131 1566 4174 9.
1602 4120 1818 4175 Bellius
1855 4124 1925 4173 D.
2060 4136 2121 4176 10.
2159 4124 2313 4176 iuvat
2348 4126 2420 4180 D.

373 4198 437 4238 12.
476 4189 654 4239 mater
689 4187 760 4237 D.
885 4198 947 4236 14.
988 4186 1065 4239 sit
1100 4188 1528 4242 Laurentianus:
1568 4191 1646 4244 sis
1687 4192 1756 4257 D,
1795 4192 1859 4245 fit
1891 4194 1955 4245 L.
2086 4207 2149 4249 15.
2188 4208 2419 4261 magnus

301 4256 368 4307 L.
476 4267 538 4307 1⁷.
577 4270 810 4325 magnus
847 4256 909 4308 L.
1017 4269 1079 4309 19.
1121 4261 1181 4312 111
1214 4259 1286 4310 L.-
1329 4259 1409 4313 ait
1444 4262 1514 4317 D.
1623 4266 1917 4318 voveretur
1952 4266 2021 4319 D.
2138 4275 2199 4319 20·
2242 4264 2419 4322 Omne

302 4330 414 4382 tum
447 4344 519 4399 pr
554 4327 620 4385 L.
728 4324 946 4382 flamam
983 4328 1049 4383 L.
