3364 5328
940 637 1021 699 76
1270 706 1273 709 ,
1551 631 1969 690 GATULLUS
2009 633 2096 699 91,
2139 635 2345 702 1—95‚
2385 644 2432 688 5.

1107 806 1249 904 Non
1296 846 1448 916 ideo,
1498 845 1662 914 Geni,
1710 845 2023 919 sperabam
2066 853 2125 904 te
2169 847 2312 904 mihi
2356 847 2540 904 fidum

1193 933 1257 989 ln
1301 931 1518 989 misero
1565 931 1679 988 hoc
1723 937 1947 1001 nostro,
1994 933 2109 991 hoc
2151 931 2381 1006 perdito
2427 947 2630 990 amore
2674 933 2819 1004 fore,

1106 1017 1278 1086 Quod
1322 1023 1380 1074 te
1426 1031 1780 1089 cognossem
1823 1015 1978 1075 bene
2022 1023 2464 1076 constantemve
2509 1023 2778 1090 putarem

1192 1103 1309 1160 Aut
1351 1115 1526 1175 posse
1569 1117 1603 1159 a
1648 1101 1803 1175 turpi
1850 1108 2104 1161 mentem
2151 1103 2417 1162 inhibere
2461 1102 2701 1177 probru,

1022 1200 1073 1240 25
1101 1189 1216 1248 Sed
1263 1203 1456 1261 neque
1500 1189 1659 1260 quod
1705 1193 1952 1246 matrem
1996 1204 2107 1247 nec
2149 1204 2491 1263 germanam
2535 1204 2666 1248 esse
2708 1190 2981 1249 videbam

1193 1274 1358 1330 Hanc
1401 1273 1525 1343 tibi,
1572 1272 1740 1331 cuius
1786 1288 1881 1330 me
1923 1290 2177 1349 magnus
2223 1275 2437 1333 edebat
2479 1289 2662 1333 amor.

1104 1361 1176 1419 Et
1220 1359 1487 1432 quamvis
1532 1364 1729 1416 tecum
1775 1359 1960 1417 multo
2007 1360 2400 1434 coniungerer
2442 1375 2576 1432 usu,

1191 1444 1318 1502 Non
1364 1444 1507 1502 satis
1551 1444 1608 1502 id
1661 1459 1877 1503 causae
1922 1445 2286 1504 credideram
2334 1461 2463 1505 esse
2505 1446 2631 1504 tibi.

1105 1532 1192 1589 Tu
1237 1530 1379 1587 satis
1423 1530 1483 1587 id
1528 1530 1722 1588 duxti:
1768 1536 1999 1589 tautum
2043 1531 2146 1589 tibi
2192 1532 2474 1606 gaudium
2521 1531 2582 1589 in
2631 1533 2792 1591 omni

1023 1628 1076 1667 ³0
1187 1614 1373 1690 Culpa
1415 1622 1522 1687 est,
1569 1615 1628 1674 in
1674 1630 2033 1691 quacunque
2077 1624 2166 1675 est
2209 1617 2432 1692 aliquid
2476 1617 2734 1677 sceleriS.

982 1819 1060 1880 72
1107 1787 1326 1880 Lesbia
1372 1822 1452 1879 mi
1498 1820 1638 1878 dicit
1680 1835 1913 1894 semper
1959 1822 2112 1880 male
2157 1837 2269 1881 nec
2311 1829 2464 1882 tacet
2507 1808 2770 1898 unquam

1048 1918 1075 1956 2
1186 1908 1269 1965 De
1312 1923 1439 1966 me:
1486 1905 1699 1964 Lesbia
1742 1921 1838 1965 me
1884 1905 2214 1982 dispeream
2259 1908 2371 1968 nisi
2416 1915 2593 1967 amat.

1106 1995 1236 2062 Quo
1280 1987 1494 2067 signo?
1539 1992 1678 2064 quia
1720 1999 1861 2050 sunt
1902 1994 2147 2052 totidem
2192 2010 2353 2053 mea:
2401 1997 2686 2068 deprecor
2730 1994 2888 2054 illam

1189 2077 1457 2149 Assidue‚
1502 2092 1710 2137 verum
1757 2078 2091 2152 dispeream
2135 2080 2247 2140 nisi
2294 2096 2447 2139 amo.

1047 2299 1072 2337 ³
1103 2249 1207 2344 Nil
1253 2284 1499 2344 nimium
1540 2283 1775 2354 *stude0‚
1826 2283 2061 2356 Caesar,
2109 2283 2213 2342 tibi
2262 2285 2411 2343 velle
2455 2285 2704 2358 placere,

1190 2371 1308 2431 Nee
1349 2371 1502 2430 scire
1547 2376 1745 2428 utrum
1790 2368 1870 2427 sis
1920 2368 2090 2428 albus
2136 2385 2212 2427 an
2259 2375 2385 2429 ater
2428 2371 2625 2432 homo,

1052 2591 1076 2629 ⁵
1103 2538 1382 2634 Mentula
1425 2574 1788 2632 moechatur.
1858 2574 2204 2631 moechatur
2249 2577 2542 2633 mentula:
2590 2584 2764 2635 certe.

1193 2660 1319 2719 Hoc
1362 2667 1466 2731 est,
1516 2659 1677 2732 quod
1725 2657 1946 2730 dicunt,
1993 2657 2120 2732 ipsa
2166 2659 2328 2717 olera
2372 2661 2490 2719 olla
2533 2662 2691 2735 legit.

1099 2832 1375 2939 Zmyrna
1420 2864 1534 2922 mei
1580 2863 1803 2921 Cinnae
1849 2878 2068 2921 nonam
2113 2870 2248 2937 post
2292 2862 2548 2936 denique
2590 2878 2842 2921 messem

1197 2952 1385 3021 Quam
1432 2955 1639 3023 coepta
1685 2956 1775 3008 est
1814 2964 2153 3021 nonamque
2197 2950 2352 3007 edita
2397 2956 2530 3022 post
2573 2949 2846 3020 hiemem,

1107 3037 1283 3099 Millia
1326 3050 1459 3094 cum
1506 3036 1730 3094 interea
1776 3035 2099 3109 quingenta
2142 3034 2495 3093 Hortensius
2539 3049 2660 3093 uno

1043 3119 1095 3159 ιο

1109 3178 1363 3248 Zmyrna
1407 3186 1583 3230 cavas
1631 3171 1896 3231 Satrachi
1942 3171 2177 3246 penitus
2221 3170 2483 3231 mittetur
2529 3172 2602 3230 ad
2648 3172 2860 3242 undaS‚

1082 3357 1167 3421 71,
1204 3370 1269 3409 22.
1299 3360 1460 3424 prius
1499 3355 1607 3409 hoc
1643 3372 1723 3405 om
1760 3355 2173 3418 Laurentianus.
2282 3366 2345 3406 23.
2385 3356 2782 3420 constantsxtve
2818 3355 2885 3418 L,
2922 3367 3050 3405 con-

945 3430 1270 3496 stanterque
1310 3429 1377 3479 D.
1499 3438 1563 3481 24.
1598 3423 1769 3479 Haud
1808 3427 1876 3481 D.
1992 3441 2026 3477 a
2061 3425 2142 3475 D.-
2180 3426 2276 3477 aut
2311 3425 2376 3477 L.
2484 3430 2667 3479 mente
2705 3425 2769 3476 L.
2875 3421 3053 3505 probo

945 3500 1013 3551 D.
1143 3510 1206 3549 26.
1244 3495 1390 3551 Nam
1419 3515 1490 3562 pr
1527 3495 1591 3547 L.
1723 3507 1784 3546 27.
1825 3495 2158 3563 coningerer
2194 3496 2262 3547 D.
2403 3507 2466 3546 29.
2506 3494 2645 3550 satis
2685 3493 2901 3548 induxti
2936 3492 3056 3546 DL.

1011 3582 1076 3620 30.
1115 3566 1296 3638 Culpa
1333 3571 1392 3620 et
1427 3566 1483 3620 in
1523 3567 1592 3618 D.

1083 3656 1168 3719 72,
1193 3667 1233 3709 2.
1261 3652 1591 3724 despeream
1620 3654 1689 3715 D,
1718 3651 2005 3722 dispereat
2033 3653 2240 3706 Gellius
2265 3652 2517 3720 Schoppii
2544 3661 2590 3712 6,
2628 3661 2703 3704 16.
2800 3652 2939 3719 Quo,
2968 3666 3056 3704 as-

944 3724 1124 3793 sidue]
1162 3726 1257 3777 hos
1294 3742 1474 3778 versus
1513 3742 1592 3776 om
1624 3724 1696 3786 D,
1736 3724 2150 3785 Laurentianus,
2187 3722 2605 3787 Riceardianus,
2642 3742 2708 3789 pr
2734 3723 2784 3774 L
2822 3734 2869 3782 et
2905 3723 3063 3774 multi

946 3798 1072 3848 alii.-
1126 3796 1387 3847 addidere
1437 3795 1574 3847 Itali
1623 3810 1689 3845 ex
1742 3794 1934 3846 Gellio.
2080 3796 2210 3846 sunt
2255 3796 2321 3859 L,
2360 3794 2672 3847 Parisinus:
2724 3792 2810 3846 sin
2852 3793 3061 3846 Gellius

942 3866 1213 3933 Schoppii.
1354 3880 1478 3917 mea
1513 3865 1819 3929 Parisinus,
1862 3863 2299 3917 Commelinianus
2339 3876 2387 3917 et
2422 3864 2842 3916 Mediola-nensis
2881 3872 2963 3927 24,
3003 3864 3063 3915 in

945 3955 1041 4004 quo
1078 3938 1174 3989 hoc
1211 3936 1473 3989 distichon
1500 3946 1625 4004 post
1659 3952 1704 3985 v.
1747 3943 1809 3984 22
1842 3936 2091 3999 ponitur.-
2131 3949 2200 3987 08
2235 3936 2285 3985 L
2322 3946 2371 3987 et
2412 3934 2618 3987 Gellius
2656 3934 2921 4000 Schoppii.

945 4022 1077 4060 vero
1116 4003 1181 4059 L.
1289 4017 1329 4058 4.
1367 4004 1493 4060 Nee
1532 4005 1578 4058 si
1620 4020 1716 4058 ore
1755 4004 1815 4069 L,
1855 4002 1945 4057 Ne
1985 4004 2093 4056 nisi
2132 4020 2280 4058 orem
2319 4007 2389 4058 D.
2499 4003 2549 4057 si
2585 4006 2649 4057 L.
2766 4002 2953 4057 salvus
2992 4017 3062 4056 an

948 4076 1088 4130 alter
1124 4073 1245 4127 DL.
1284 4095 1331 4131 v.
1373 4076 1723 4139 Quinctilium.
1758 4077 1882 4129 inst.
1929 4081 2006 4139 11,
2041 4083 2084 4138 1,
2114 4084 2195 4126 38.
2226 4092 2288 4144 p.
2318 4084 2438 4129 969.
2552 4086 2590 4125 6.
2631 4073 2807 4128 ollem
2845 4072 2956 4126 0118
2990 4074 3063 4124 D.

1018 4159 1056 4202 7.
1094 4158 1155 4196 11.
1194 4145 1436 4213 Zinyrna
1461 4148 1532 4211 D,
1571 4145 1795 4198 Zmirna
1831 4147 1894 4200 L.
1922 4164 1969 4198 v.
2006 4144 2316 4214 Philaryyr.
2358 4147 2432 4197 ad
2466 4144 2650 4215 Virgil.
2690 4144 2791 4198 ecl.
2833 4152 2880 4202 9,
2910 4152 2974 4195 35
3013 4153 3065 4196 et

948 4228 1214 4271 comment.
1253 4214 1474 4269 Horatii
1516 4217 1677 4284 Oruq.
1712 4234 1767 4282 p.
1798 4224 1917 4268 635.
2026 4214 2149 4269 cine
2187 4217 2259 4268 D.
2364 4228 2403 4267 8.
2441 4220 2609 4286 cepta
2643 4228 2951 4289 novamque
2991 4215 3063 4265 D.

1017 4298 1078 4339 1ο.
1117 4288 1458 4340 interstitium
1492 4288 1551 4342 in
1589 4289 1661 4352 D,
1701 4304 1807 4340 mm
1844 4288 1903 4339 in
1938 4286 2003 4341 L.
2112 4289 2173 4340 11.
2214 4300 2385 4345 canas
2423 4286 2540 4345 DL.
