3364 5328
935 578 1015 639 38
1536 575 1953 633 CATULLUS
1990 579 2076 643 61,
2124 585 2432 631 ιτα-210.

1103 750 1164 806 lo
1210 753 1436 826 Hymen
1482 753 1818 828 Hymenaee
1861 753 1937 827 io,

1188 839 1250 895 Io
1298 839 1524 913 Hymen
1570 840 1923 913 Hymenaee.

1102 921 1260 980 Mitte
1305 924 1675 983 brachiolum
1721 931 1894 996 tereS‚

1047 1018 1071 1056 5
1100 1008 1486 1080 praetextate,
1529 1011 1855 1084 puellulae:

1099 1094 1221 1151 lam
1270 1095 1462 1153 cubile
1508 1096 1681 1153 adeat
1726 1096 1853 1153 viri.

1102 1179 1164 1235 Io
1210 1181 1435 1255 Hymen
1481 1181 1826 1255 Hymenaee,
1861 1181 1936 1255 io,

1183 1266 1244 1322 lo
1291 1266 1518 1339 Hymen
1563 1267 1917 1341 Hymenaee.

1100 1351 1301 1408 Bonae
1343 1350 1586 1408 senibus
1632 1351 1767 1409 unis

1020 1445 1072 1483 10
1099 1435 1383 1508 Cognitae
1427 1436 1606 1494 breve
1652 1436 1924 1509 feminae,

1096 1520 1394 1579 Collocate
1439 1522 1781 1594 puellulam.

1097 1608 1158 1662 lo
1206 1607 1431 1680 Hymen
1478 1607 1814 1680 Hymenaee
1858 1608 1932 1679 io,

1184 1693 1245 1749 Io
1292 1692 1517 1765 Hymen
1564 1693 1919 1767 Hymenaee.

1096 1778 1217 1834 Iam
1261 1778 1398 1834 licet
1442 1778 1663 1849 venias,
1711 1778 1946 1836 marite:

1019 1873 1067 1911 1⁵
1096 1864 1254 1920 Uxor
1299 1863 1359 1919 in
1404 1863 1662 1920 thalamo
1710 1863 1813 1921 tibi
1862 1872 1950 1922 est

1097 1950 1210 2007 Ore
1257 1947 1531 2006 floridulo
1579 1949 1792 2020 uitem,

1092 2032 1242 2091 Alba
1285 2034 1626 2106 parthenice
1675 2036 1837 2093 velut

1179 2120 1503 2181 Lutcumve
1548 2136 1826 2192 papaver.

1092 2203 1182 2275 At,
1229 2206 1454 2274 marite,
1503 2202 1608 2278 (ita
1652 2222 1749 2262 me
1792 2207 1996 2265 iuvent

1014 2299 1066 2337 20
1092 2288 1368 2363 Caelites)
1417 2288 1600 2346 nihilo
1646 2291 1843 2348 minus

1091 2375 1344 2449 Pulcher
1389 2389 1471 2445 eS,
1520 2389 1714 2445 neque
1761 2382 1817 2431 te
1863 2377 2060 2435 Venus

1044 2506 1049 2513 ,,
1089 2459 1354 2533 Negligit.
1425 2459 1528 2515 sed
1576 2452 1698 2515 abit
1742 2460 1897 2517 dies:

1175 2545 1380 2617 Perge,
1428 2559 1502 2600 nc
1546 2559 1866 2603 remorare.

1087 2630 1213 2687 Non
1260 2630 1361 2687 diu
1405 2635 1735 2687 remoratus
1782 2647 1863 2701 eS‚

1009 2725 1059 2762 25
1087 2717 1208 2773 Iam
1255 2716 1437 2773 venis.
1506 2714 1665 2771 bona
1709 2723 1767 2773 te
1812 2717 2009 2774 Venus

1085 2801 1320 2870 luverit,
1367 2800 1645 2873 quoniam
1694 2802 1884 2873 palam

1087 2887 1259 2953 Quod
1304 2886 1468 2959 cupis
1514 2885 1674 2958 capis
1721 2877 1784 2943 et'
1823 2886 2045 2946 bonum

1170 2971 1297 3028 Non
1344 2971 1659 3028 abscondis
1705 2987 1985 3031 amorem.

1086 3055 1189 3113 llle
1235 3056 1494 3129 pulveris
1538 3055 1760 3115 Africei

1002 3151 1056 3189 ³0
1081 3141 1472 3214 Siderumque
1516 3143 1859 3201 micantium

958 3222 1038 3284 36
1090 3226 1396 3285 Subducat
1439 3242 1754 3286 numerum
1800 3231 1984 3304 prius,

1084 3312 1197 3379 Qui
1242 3314 1423 3371 vostri
1470 3330 1783 3372 numerare
1829 3319 1951 3376 volt

1167 3398 1348 3456 Multa
1391 3399 1551 3456 milia
1597 3400 1800 3476 ludei„

1053 3511 1139 3575 35,
1178 3523 1218 3566 5.
1253 3512 1614 3564 Pretestatae
1653 3515 1722 3564 D.
1833 3516 2052 3584 puellae
2079 3520 2197 3571 DL.
2306 3536 2345 3575 6.
2382 3523 2588 3579 adeant
2612 3529 2675 3592 L,
2714 3527 2920 3582 adeant
2955 3533 3025 3582 D.

981 3594 1022 3631 9.
1061 3581 1183 3634 uvis
1213 3580 1272 3631 L.
1312 3582 1439 3635 'Vos
1464 3581 1645 3634 bonae
1677 3584 1906 3639 senibus
1932 3587 2068 3641 viris
2095 3590 2348 3660 Scaliycr.
2491 3607 2553 3648 10.
2591 3597 2760 3652 berve
2785 3601 3023 3653 Lauren-

910 3653 1102 3703 tianus.
1245 3663 1307 3705 11.
1347 3652 1584 3722 puellam
1610 3654 1728 3705 DL.
1872 3670 1932 3707 15.
1972 3658 2076 3716 tibi
2100 3664 2204 3714 -est
2235 3664 2548 3719 Parisinus.-
2586 3668 2681 3720 ubi
2720 3673 2809 3723 est
2834 3671 2897 3734 L,
2937 3675 3026 3723 est

909 3720 1014 3773 tibi
1041 3723 1112 3773 D.
1140 3733 1194 3774 et
1216 3740 1333 3773 corr
1361 3723 1425 3773 L.
1569 3734 1631 3773 16.
1654 3725 1852 3781 florido
1882 3731 1953 3780 D.
2095 3741 2155 3784 17.
2184 3732 2350 3802 velut]
2377 3736 2532 3789 vultu
2557 3739 2676 3789 DL.
2821 3751 2882 3796 18.
2908 3741 3021 3794 Lu-

909 3795 1057 3843 teum
1094 3795 1152 3844 ut
1187 3792 1248 3843 L.
1392 3803 1558 3843 19—23
1595 3794 1719 3847 libri
1751 3810 1961 3863 pommt
1995 3812 2119 3868 'post
2156 3811 2239 3858 28.
2287 3810 2518 3859 correxit
2553 3807 2811 3876 Scaliqer.

907 3874 970 3916 19.
1007 3859 1099 3912 Ad
1140 3862 1240 3929 (At
1276 3860 1356 3926 D)
1402 3864 1653 3917 maritum
1700 3869 1888 3921 tamen
1932 3869 2185 3923 iuvenem
2225 3872 2462 3942 (iuenem
2499 3877 2577 3942 D)
2626 3880 2747 3932 DL.
2795 3884 3023 3933 correxit

907 3932 1165 4001 Scaliger.
1273 3943 1334 3983 21.
1372 3932 1612 3987 Pulchre
1638 3951 1731 3989 res
1757 3940 1875 3990 DL.
1988 3956 2093 3993 nec
2119 3944 2174 3993 D
2210 3955 2258 3996 et
2274 3963 2350 4012 pr
2375 3947 2439 3999 L.
2545 3960 2608 4003 23.
2647 3965 2716 4002 ne
2753 3966 3021 4004 rememo-

906 4019 1030 4060 rare
1067 4004 1468 4061 Laurentianus
1506 4016 1556 4057 et
1582 4023 1658 4073 pr
1693 4008 2103 4063 Riccardianus.
2245 4017 2307 4067 24'.
2344 4021 2625 4071 remorata
2662 4035 2724 4072 es
2762 4009 2882 4079 DL.

911 4086 973 4124 26.
1010 4073 1439 4129 Invenerit‘DL.
1582 4088 1644 4128 28.
1684 4078 2001 4134 abscondas
2028 4080 2152 4135 DL.
2290 4097 2352 4140 29.
2380 4088 2562 4142 Africi
2589 4089 2875 4145 Heinsius.-
2916 4093 3019 4144 eri·

792 4185 803 4192 .
908 4142 994 4195 cei
1028 4144 1317 4198 Parisinus
1355 4156 1406 4198 et
1439 4145 1854 4213 Laurentianus,
1892 4152 2063 4204 ericet
2097 4153 2163 4219 L,
2202 4155 2387 4208 ericea
2422 4160 2492 4214 D.

1046 4215 1132 4281 36,
1169 4227 1209 4272 2.
1247 4215 1426 4269 nostri
1459 4217 1578 4272 DL.
1722 4220 1915 4278 volunt
1948 4221 2086 4278 DL.·
2123 4254 2134 4263 -
2204 4237 2244 4275 3.
2282 4224 2473 4286 ludere
2510 4228 2631 4290 DL,
