3364 5328
933 629 1015 692 82
1511 623 1927 681 OA'rULLUS
1969 624 2087 690 115,
2133 634 2248 677 l-
2269 624 2389 690 116,
2418 633 2466 678 8.

1021 848 1070 887 1⁵
1094 797 1394 908 Mentula,
1442 836 1625 895 habes
1669 837 1857 895 instar
1900 836 2140 911 triginta
2185 836 2387 910 iugera
2432 837 2604 910 prati,

1184 921 1585 997 Quadraginta
1629 922 1783 981 arvi:
1811 929 2023 981 cetera
2065 928 2206 980 sunt
2242 921 2447 981 maria.

1101 1006 1218 1066 Cur
1258 1021 1382 1067 non
1428 1008 1642 1067 divitiis
1687 1007 1973 1068 Croesum
2016 1022 2298 1080 superare
2344 1008 2498 1081 potis
2543 1010 2638 1078 sit,

1182 1094 1312 1152 Uno
1357 1093 1459 1167 qui
1503 1094 1563 1152 in
1607 1093 1763 1152 saltu
1808 1094 2074 1153 totmoda
2120 1092 2439 1167 possideat,

1097 1180 1288 1249 Prata,
1334 1194 1494 1249 arva,
1540 1179 1811 1254 ingentes
1854 1180 2032 1239 silvas
2076 1179 2381 1251 saltusque
2428 1178 2798 1253 paludesque

1012 1274 1066 1312 20
1177 1264 1376 1337 Usque
1421 1265 1495 1322 ad
1541 1265 1955 1339 Hyperboreos
2001 1272 2057 1323 et
2101 1280 2263 1324 mare
2308 1264 2383 1321 ad
2430 1260 2779 1326 Oceanum?

1097 1350 1308 1410 Omnia
1351 1365 1567 1424 magna
1611 1351 1757 1410 haec
1800 1358 1958 1424 sunt,
2005 1357 2203 1409 tamen
2245 1350 2372 1425 ipse
2418 1365 2480 1408 es
2522 1353 2813 1410 maximus
2859 1351 3037 1425 ultro,

1178 1435 1304 1494 Non
1350 1436 1549 1508 homo,
1595 1437 1702 1495 sed
1747 1452 1889 1496 vero
1934 1438 2197 1497 mentula
2241 1451 2457 1512 magna
2499 1436 2716 1496 minax.

1094 1615 1295 1730 Saepe
1338 1656 1442 1715 tibi
1487 1657 1755 1716 studioso
1802 1658 1998 1717 animo
2044 1664 2300 1718 venante
2342 1661 2650 1732 requirens

1179 1741 1451 1801 Carmina
1498 1743 1581 1801 uti
1625 1758 1863 1818 possem
1906 1744 2136 1804 mittere
2181 1744 2506 1818 Battiadae,

1014 1838 1064 1878 25
1092 1827 1202 1898 Qui
1248 1834 1305 1885 te
1348 1827 1596 1887 lenirem
1640 1829 1830 1900 nobis
1880 1845 1995 1888 neu
2042 1845 2324 1889 conarere

1176 1913 1328 1972 Telis
1370 1913 1650 1972 infestum
1697 1916 1928 1974 mittere
1972 1916 2031 1976 in
2078 1931 2269 1989 usque
2314 1920 2508 1989 caput,

1093 1999 1263 2057 Hunc
1309 1999 1481 2058 video
1528 2000 1670 2058 mihi
1718 2016 1879 2059 nunc
1925 2002 2142 2061 frustra
2186 2008 2487 2074 sumptum
2534 2015 2664 2060 esse
2709 2001 2993 2076 laborem,

1179 2084 1345 2155 Gelli,
1391 2100 1500 2144 nec
1543 2092 1779 2145 nostras
1825 2087 1919 2145 hic
1961 2088 2216 2147 valuisse
2260 2101 2485 2160 preces

1092 2170 1309 2229 Contra
1355 2186 1465 2229 nos
1512 2171 1626 2229 tela
1669 2173 1781 2230 ista
1826 2179 1924 2231 tua
1973 2174 2260 2232 evitamus
2304 2172 2549 2231 amictu:

1008 2266 1060 2305 ³0
1170 2255 1243 2314 At
1287 2255 1436 2315 fixus
1481 2257 1701 2315 nostris
1745 2264 1808 2315 tu
1856 2259 1992 2317 dabi
2038 2257 2415 2333 supplicium.

1060 2438 1144 2501 76,
1182 2447 1244 2491 15.
1280 2436 1455 2491 habet
1502 2439 1626 2503 DL,
1676 2440 1820 2508 quod
1870 2439 2088 2493 correxi.
2232 2439 2411 2494 instet
2456 2442 2527 2495 D.
2680 2451 2743 2497 17.
2780 2441 3037 2496 erhesum

916 2509 987 2559 D.
1095 2507 1380 2576 potuisset
1414 2508 1477 2560 L.
1586 2520 1649 2559 19.
1688 2509 1978 2579 saltusque
2016 2507 2365 2579 paludesque
2390 2510 2817 2564 Laurentianus:
2858 2512 3035 2565 saltus

916 2576 1264 2647 paludesque
1289 2578 1352 2643 L,
1382 2578 1638 2646 altasque
1664 2577 1901 2648 paludes
1929 2581 1997 2639 D.
2106 2591 2167 2627 21.
2211 2595 2273 2631 es
2299 2580 2476 2632 Italus
2501 2582 2557 2633 in
2583 2582 2759 2634 codice
2782 2584 3035 2649 impresso

926 2649 1214 2701 Vaticano.-
1252 2650 1310 2700 et
1345 2648 1416 2713 D,
1456 2648 1504 2701 si
1543 2646 1607 2702 L.
1753 2645 1901 2701 ultor
1937 2646 2058 2698 DL.
2201 2660 2264 2697 23.
2304 2649 2487 2702 animo
2526 2668 2609 2700 om
2646 2652 2718 2702 D.
2844 2651 3035 2719 requi-

912 2719 1042 2773 rens
1080 2720 1379 2772 Avantius:
1414 2718 1665 2786 requires
1705 2716 1826 2769 DL.
1949 2728 2013 2766 24.
2050 2714 2369 2770 buttriadae
2406 2719 2477 2782 D,
2515 2717 2803 2772 batriadae
2841 2722 2909 2772 L.

913 2802 972 2839 26.
1014 2790 1222 2842 infesta
1258 2789 1319 2840 L.
1431 2788 1887 2856 mitteremusque
1925 2786 2048 2838 DL.
2163 2798 2226 2838 2⁷.
2265 2787 2431 2840 Hunc
2469 2802 2576 2854 ego
2614 2784 2779 2841 video
2817 2790 2888 2840 D.

912 2874 1056 2912 nunc
1093 2858 1224 2912 mihi
1264 2857 1326 2909 L.
1432 2869 1496 2909 28.
1534 2856 1665 2911 hinc
1702 2858 1765 2910 L.
1873 2871 2112 2929 preceps
2154 2858 2225 2908 D.
2350 2869 2413 2907 29.
2453 2856 2785 2912 evitabimus
2826 2857 2889 2913 L.

911 2930 1115 2983 amicta
1150 2927 1267 2980 DL.
1374 2940 1435 2980 30.
1474 2926 1698 2982 Affixus
1738 2927 1802 2981 L.
1911 2926 2074 2981 dabis
2111 2927 2230 2981 DL.
2353 2936 2482 2979 1423
2523 2926 2580 2979 di
2619 2937 2700 2979 20.
2726 2927 3031 2985 Novembr.

912 3001 1213 3051 Parisimoe.
1307 2999 1558 3069 Explicit
1583 2998 1729 3052 liber
1755 2997 1961 3052 Catulli
1986 2997 2356 3051 Veronensis.
2447 2998 2602 3051 Laus
2629 2998 2752 3051 Deo
2780 2999 3029 3070 omnipo-

908 3069 1056 3125 tenti.
1103 3069 1423 3123 Gherardus
1456 3069 1714 3122 Cerasius
1752 3068 1820 3122 de
1854 3069 2145 3122 Florentia
2182 3068 2415 3138 scripsit
2448 3084 2549 3138 pro
2583 3068 2792 3122 Ioanne
2825 3069 3030 3124 Cosme

910 3139 980 3192 de
1015 3139 1276 3194 Medicis.
1313 3140 1511 3193 Amen.
1550 3140 1964 3195 Laurentianus.
2092 3139 2251 3192 Finis
2292 3155 2639 3193 mcccctxm
2678 3141 2748 3192 D.
2876 3140 3033 3195 Finit

908 3209 1083 3264 Liber
1121 3209 1324 3266 Catulli
1361 3214 1569 3280 poetae
1606 3211 1668 3262 L.
