3364 5328
936 633 1015 691 30
1530 625 1947 681 GATUhLUS
1984 628 2068 692 52,
2113 637 2140 677 3
2169 657 2227 666 -
2250 627 2335 693 55,
2383 637 2460 680 ιι.

1106 804 1215 859 Pei·
1258 804 1627 861 consulatum
1674 804 1898 876 peierat
1943 805 2237 863 Vatinius:

1103 888 1255 956 Quid
1302 896 1406 960 est,
1456 883 1730 948 Catulle?
1767 889 1918 962 ,quid
1965 891 2212 949 moraris
2258 885 2486 947 emori?

1021 1118 1072 1156 25
1098 1068 1237 1164 Risi
1284 1109 1482 1167 nescio
1530 1124 1705 1182 quem
1753 1109 1931 1167 modo
1980 1126 2012 1167 e
2059 1124 2296 1183 corona,

1102 1193 1233 1263 Qui,
1282 1209 1414 1251 eum
1462 1194 1704 1251 mirifice
1747 1194 2056 1253 Vatiniana

1100 1280 1263 1337 Meus
1310 1279 1553 1337 crimina
1598 1278 1810 1337 Calvos
1857 1282 2224 1355 explicasset,

1093 1363 1412 1464 ‘Admirans
1459 1365 1538 1422 ait
1581 1365 1729 1422 haec
1772 1381 2102 1440 manusque
2147 1368 2377 1439 tollenS,

1093 1437 1208 1507 ‘Dii
1255 1450 1472 1523 magni,
1519 1448 1886 1522 salaputium
1920 1453 2075 1510 disci
2065 1442 2250 1511 lumi'

1017 1686 1069 1724 30
1096 1633 1353 1729 othonis
1400 1678 1576 1744 eaput
1617 1672 1836 1745 oppido
1883 1679 1971 1729 est
2015 1674 2310 1746 pusillum,

972 1757 1051 1817 27
1098 1758 1168 1815 Et
1213 1758 1337 1815 beri
1384 1758 1600 1815 rustice
1646 1757 1954 1816 semilauta
2000 1774 2191 1829 crura,
2309 1771 2316 1776 ·

1098 1844 1327 1903 Subtile
1373 1850 1430 1900 et
1474 1844 1603 1901 leve
1647 1843 1912 1916 peditum
1958 1843 2216 1903 Libonis,

1100 1980 1158 2038 Si
1206 1986 1323 2037 non
1372 1981 1569 2039 omnia
1616 1980 1928 2055 displicere
1976 1983 2184 2042 vellem

1097 2065 1244 2136 Tibi,
1293 2074 1350 2125 et
1393 2067 1620 2124 sufficio
1667 2068 1792 2125 seni
1843 2077 2097 2127 recocta.

1043 2216 1066 2253 ⁵
1096 2204 1355 2260 Irascere
1400 2203 1610 2261 iterum
1658 2205 1804 2261 meis
1850 2203 2057 2261 iambis

1097 2288 1544 2359 lnmeventibus,
1591 2289 1766 2345 unice
1811 2289 2146 2358 imperator.

1099 2468 1377 2575 oramus,
1423 2505 1470 2563 si
1514 2507 1665 2564 sorte
1711 2521 1827 2565 non
1875 2507 2187 2566 molestum
2237 2514 2341 2577 est,

1100 2592 1453 2661 DemostreS,
1502 2590 1601 2647 ubi
1648 2591 1767 2648 sint
1811 2598 1948 2649 tuae
1992 2593 2289 2650 tenebrae.

1099 2679 1179 2735 Te
1224 2691 1431 2749 campo
1479 2677 1877 2748 quaesivimus
1924 2679 2169 2748 minore,

1026 2779 1075 2815 10
1099 2764 1179 2820 Te
1223 2762 1281 2819 in
1329 2761 1503 2829 circe,
1552 2769 1608 2819 te
1653 2761 1712 2818 in
1761 2763 2035 2820 omnibus
2081 2763 2309 2832 libellis,

1099 2850 1178 2906 Te
1223 2847 1282 2904 in
1327 2847 1546 2920 templo
1591 2848 1806 2905 summi
1852 2848 2005 2906 Iovis
2049 2855 2301 2906 sacrate.

1099 2935 1162 2991 ln
1207 2933 1399 3006 Magni
1445 2932 1619 2990 simul
1664 2933 2067 2993 ambulatione

1098 3018 1385 3077 Femellas
1432 3034 1656 3090 omnes,
1705 3020 1909 3091 amice,
1956 3021 2185 3094 prendi,

1100 3107 1258 3175 Quas
1304 3105 1469 3163 vultu
1516 3105 1634 3164 vidi
1680 3113 1877 3163 tamen
1923 3121 2183 3165 serenas.

1022 3205 1072 3242 15
1093 3192 1186 3292 tAh
1231 3192 1324 3249 vel
1369 3198 1426 3248 te
1456 3191 1557 3248 sie
1601 3191 1727 3264 ipse
1772 3190 2127 3265 flagitabam,

1093 3265 1456 3335 ‘Camerium
1502 3276 1664 3347 mihi,
1712 3276 2002 3350 pessimae
2047 3264 2316 3349 puellae.²

1101 3363 1404 3431 Quaedam
1450 3361 1641 3434 inquit
1685 3361 1911 3419 nudum
1957 3363 2174 3421 reduce
2218 3404 2232 3417 .
2270 3403 2283 3417 .
2318 3402 2331 3417 .
2370 3402 2382 3416 .

1066 3544 1153 3606 26,
1190 3554 1253 3592 23.
1293 3542 1537 3611 perierat
1573 3542 1826 3597 vacinius
1863 3545 2274 3597 Lam-enecantes.
2469 3556 2539 3594 25.
2580 3541 2636 3613 e]
2679 3547 2737 3596 et
2774 3544 2896 3594 DL.

926 3623 986 3662 27.
1026 3612 1187 3664 Meos
1226 3612 1343 3664 DL.
1484 3612 1730 3666 carmina
1764 3615 1820 3665 D
1856 3624 1902 3665 ee
1932 3633 2002 3680 pr
2036 3615 2102 3666 L.
2247 3627 2312 3666 29.
2354 3614 2705 3689 inaniusque
2718 3613 3041 3666 Laurentia-

928 3701 1044 3735 mm.
1186 3693 1249 3731 29.
1289 3682 1644 3752 salaputium]
1682 3686 1761 3736 sie
1784 3686 1909 3752 sere
1946 3687 2149 3738 codices
2187 3686 2417 3737 Senecae
2455 3696 2684 3737 controv.
2724 3693 2773 3744 3,
2818 3692 2896 3745 19,
2933 3684 3043 3735 uisi

927 3754 1070 3821 quod
1106 3754 1161 3804 in
1198 3755 1432 3805 secunda
1466 3757 1633 3812 vocali
1668 3757 1915 3807 variant.-
1954 3754 2299 3825 salapucium
2329 3756 2633 3817 Parisinus,
2673 3752 3044 3822 salapantium

929 3824 1050 3875 DL.
1195 3821 1474 3877 desertum
1513 3825 1577 3875 L.
1737 3836 1800 3876 3ο.
1840 3825 2073 3879 Oetonis
2114 3827 2185 3879 D.

1068 3911 1155 3973 27,
1192 3922 1231 3960 2
1272 3909 1544 3978 perditum
1573 3913 1656 3968 D.
1766 3924 1804 3962 3.
1848 3910 2161 3995 desplieere
2199 3914 2269 3964 D.
2374 3925 2414 3963 4.
2455 3912 2675 3966 seniore
2689 3913 2883 3995 copto
2919 3861 3042 3973 DL,

933 3982 1152 4033 seniore
1191 3984 1354 4033 coeto
1390 3981 1811 4034 Laurentianus
1863 3979 2221 4034 Glossarium
2246 3985 2629 4050 interpretatur
2666 3975 2933 4049 ἄπεφθον
2956 3983 3044 4048 γέ-

931 4070 1120 4116 ροιια,
1158 4069 1315 4116 quum
1351 4054 1491 4105 hune
1531 4054 1700 4104 locum
1737 4054 1796 4104 in
1834 4054 2010 4104 animo
2047 4054 2273 4105 habeo-eff
2311 4055 2566 4122 Scaliger.
2698 4064 2736 4103 7.
2773 4051 3044 4104 molestus

931 4137 993 4173 es
1032 4122 1152 4174 DL.
1228 4127 1233 4132 ’
1314 4134 1352 4173 9.
1391 4123 1444 4175 in
1483 4123 1695 4175 minore
1733 4123 1852 4174 DL.
1892 4125 2117 4175 correaeie
2153 4122 2407 4193 Scaliqer.
2571 4136 2633 4174 13.
2672 4116 2942 4193 prehendi
2979 4121 3045 4182 L,

971 4191 1148 4244 crdidi
1188 4194 1258 4243 D.
1402 4205 1464 4245 14.
1503 4208 1704 4247 serena
1740 4194 2154 4246 Laurentianus.
2275 4208 2337 4246 15.
2375 4196 2429 4247 A
2467 4195 2531 4245 L.
2636 4192 2785 4245 velte
2824 4193 2890 4257 L,
2931 4189 3043 4244 vel-

956 4262 1030 4312 ite
1070 4264 1138 4313 D.
1257 4274 1316 4312 17.
1357 4263 1643 4330 Quendam
1685 4264 1802 4314 DL.
1910 4262 2082 4318 reduc
2122 4264 2198 4318 L.-
2237 4264 2415 4319 sinum
2453 4265 2726 4319 reducens
2766 4264 3046 4317 manticas.
