3364 5328
940 554 1354 614 CATULLUS
1396 558 1480 621 16,
1520 555 1731 620 4-17,
1776 562 1855 607 ιτ.
2372 553 2448 614 13

505 741 678 810 Quod
726 746 866 797 sunt
909 735 1210 805 molliculi,
1258 749 1468 808 parum
1514 732 1813 806 pudicum.

503 826 649 884 Nam
697 831 923 883 castum
969 837 1100 881 esse
1145 821 1311 878 decet
1356 819 1517 893 pium
1562 823 1796 891 poetam

423 925 473 964 1⁵
499 913 720 986 Ipsum,
767 907 1095 969 versiculos
1140 906 1284 965 nihil
1328 919 1571 964 necesse
1618 910 1725 973 est,

502 997 613 1067 Qui
658 1004 785 1054 tum
831 994 1089 1068 denique
1134 992 1353 1050 hahent
1395 991 1580 1049 salem
1626 1005 1696 1045 ac
1743 989 2023 1062 leporem,

504 1083 563 1141 Si
608 1082 727 1140 sint
768 1079 1050 1139 molliculi
1096 1092 1165 1136 ac
1210 1093 1419 1151 parum
1466 1074 1662 1149 pudici

502 1170 574 1227 Et
619 1168 781 1240 quod
825 1165 1052 1241 pruriat
1095 1163 1341 1221 incitare
1385 1161 1632 1237 possint,

502 1254 629 1312 Non
677 1253 810 1310 dico
855 1250 1073 1325 pueriS‚
1120 1249 1225 1307 sed
1273 1249 1363 1307 his
1408 1246 1631 1322 pilosis,

425 1350 479 1387 20
503 1339 614 1408 Qui
661 1339 844 1397 duros
889 1342 1193 1410 nequeunt
1235 1349 1474 1393 movere
1516 1332 1773 1392 lumbos,

506 1425 642 1495 VOS,
691 1424 851 1496 quod
895 1422 1057 1480 milia
1100 1421 1282 1479 multa
1324 1419 1625 1478 basiorum

504 1508 770 1582 Legistis‚
817 1509 970 1566 male
1015 1521 1110 1564 me
1155 1521 1377 1563 marem
1423 1502 1685 1578 putatis?

505 1594 835 1653 Paedicaho
881 1608 990 1666 ego
1036 1606 1143 1651 vos
1190 1599 1245 1649 et
1290 1589 1612 1649 irrumabo.

507 1779 564 1872 θ
611 1818 875 1889 Colonia,
922 1830 1075 1888 quae
1119 1814 1285 1889 cupis
1330 1821 1510 1888 ponte
1553 1813 1761 1872 ludere
1803 1812 2003 1886 longo,

426 1912 479 1953 2⁵
507 1902 579 1960 Et
621 1904 795 1962 salire
838 1908 1109 1976 paratum
1154 1901 1359 1972 habeS‚
1406 1900 1511 1958 sed
1557 1899 1779 1957 vereris
1824 1898 2018 1971 inepta

512 1986 697 2047 Crura
740 1987 1024 2063 ponticuli
1070 1985 1283 2044 assulis
1326 1985 1535 2044 stantis
1580 1985 1640 2042 in
1687 1983 1982 2053 redivivis,
2039 2035 2045 2045 ,

505 2072 586 2132 Ne
630 2074 877 2147 supinus
923 2079 1019 2131 eat
1062 2085 1323 2145 cavaque
1366 2072 1427 2128 in
1472 2070 1690 2144 palude
1734 2069 2073 2144 recumbat3

509 2160 605 2218 Sic
646 2160 750 2218 tibi
796 2161 991 2217 honus
1037 2172 1109 2216 ex
1152 2164 1255 2215 tua
1298 2171 1450 2230 pons
1493 2155 1738 2215 libidine
1783 2155 1900 2225 flat,

506 2246 568 2303 In
615 2260 734 2320 quo
779 2244 871 2303 vel
918 2242 1247 2303 Salisubsili
1285 2257 1454 2301 sacra
1499 2242 1927 2316 suscipiantur:

428 2342 481 2379 ³0
506 2331 717 2389 Munus
762 2331 878 2388 hoc
921 2329 1064 2387 mihi
1109 2329 1345 2387 maximi
1392 2330 1486 2401 da,
1534 2326 1799 2398 Colonia,
1845 2328 2016 2386 risuS.

382 2415 452 2474 11
505 2417 813 2486 Quendam
858 2414 1213 2487 municipem
1258 2429 1456 2472 meum
1504 2414 1576 2471 de
1620 2423 1724 2472 tuo
1770 2414 1905 2472 volo
1951 2422 2132 2485 ponte

505 2504 596 2560 Ire
640 2501 1018 2575 praecipitem
1064 2500 1123 2558 in
1170 2500 1357 2558 lutum
1404 2515 1509 2572 per
1552 2507 1849 2573 caputque
1892 2500 2212 2574 pedesque,

503 2589 724 2646 Verum
770 2587 950 2645 totius
994 2592 1060 2644 ut
1106 2585 1269 2643 lacus
1314 2585 1673 2659 putidaeque
1719 2585 1951 2659 paludis

504 2674 873 2733 Lividissima
917 2672 1288 2745 maximeque
1336 2679 1425 2729 est
1467 2672 1764 2745 profunda
1808 2687 2049 2751 vorago.

446 2771 473 2808 ⁵
499 2759 930 2817 Insulsissimus
977 2764 1066 2816 est
1111 2760 1308 2829 hom0‚
1355 2772 1465 2816 nec
1509 2757 1662 2831 sapit
1707 2758 1874 2830 pueri
1918 2760 2103 2818 instar

505 2845 716 2903 Rimuli
763 2844 1012 2902 tremula
1057 2844 1240 2917 patris
1285 2844 1628 2902 dormientis
1672 2843 1733 2901 in
1779 2847 1938 2905 ulna.

505 2931 656 3000 Quoi
703 2930 956 3010 cumxsit
1001 2929 1355 2988 viridissimo
1401 2936 1584 3002 nupta
1629 2929 1775 2988 flore
1820 2933 2011 3007 puella

505 3015 602 3092 (Et
644 3015 842 3090 puella
887 3014 1170 3074 tenellulo
1216 3015 1518 3073 delicatior
1569 3016 1739 3086 aedo,

505 3101 879 3159 Asservanda
924 3100 1254 3173 nigerrimis
1301 3100 1636 3173 diligentius
1682 3102 1860 3179 uvis),

428 3197 477 3234 10
504 3187 734 3245 Ludere
780 3186 933 3244 hanc
977 3186 1115 3244 sinit
1160 3192 1224 3242 ut
1267 3185 1446 3258 lubet,
1494 3201 1606 3245 nec
1651 3186 1752 3261 pili
1795 3189 1934 3247 facit
1977 3188 2100 3260 uni,

474 3352 556 3416 10,
594 3363 657 3404 14.
695 3365 758 3406 15.
796 3353 1058 3421 Apuleius
1094 3353 1227 3417 apol.
1271 3369 1332 3421 p.
1361 3360 1462 3403 280
1498 3353 1638 3406 Elm.
1780 3368 1842 3409 15.
1881 3355 2158 3410 versiculo
2188 3372 2325 3423 parc
2362 3372 2446 3406 co-

329 3422 511 3474 dicum
546 3424 720 3477 Plinii
756 3427 910 3493 epist.
950 3433 997 3485 4,
1041 3432 1119 3475 14.
1252 3434 1316 3475 16.
1352 3425 1466 3475 tum
1505 3425 1587 3476 D.-
1624 3431 1812 3482 tamen
1849 3426 1914 3482 L.
2032 3439 2095 3479 17.
2136 3429 2266 3479 sunt
2304 3425 2449 3490 apud

326 3491 582 3574 Plinium.
726 3506 788 3547 18.
825 3493 1013 3564 pruria
1047 3494 1116 3548 D.
1246 3496 1486 3563 possunt
1521 3497 1593 3547 D.
1735 3509 1798 3549 21.
1837 3497 1985 3566 quod
2025 3496 2448 3549 Laurentianus.-

328 3577 427 3630 qm
451 3563 513 3628 L,
550 3579 658 3633 que
685 3564 755 3618 D.
863 3576 927 3616 24.
968 3562 1016 3618 O
1057 3562 1281 3616 culonia
1307 3580 1450 3633 quae
1484 3565 1541 3631 L,
1583 3566 1763 3623 Oculo
1791 3568 1845 3620 in
1874 3583 2051 3637 aquae
2078 3568 2148 3621 D.
2220 3564 2448 3618 laedere

325 3633 448 3714 DL.
557 3646 617 3685 26.
659 3634 865 3689 assulis
905 3634 1111 3689 stantis
1149 3633 1383 3688 Statim:
1425 3650 1491 3689 ac
1529 3636 1704 3692 sulcis
1742 3638 1915 3692 tantis
1956 3636 2076 3691 DL.
2184 3634 2446 3690 ini-edivi-

324 3717 415 3785 [με
442 3701 506 3756 L.
614 3716 677 3759 28.
717 3703 807 3759 Sit
841 3706 902 3757 L.
1008 3716 1071 3759 29.
1111 3703 1215 3758 sali
1254 3704 1467 3758 subsali
1507 3708 1577 3771 D,
1618 3708 1725 3762 sali
1766 3707 1996 3761 subscili
2035 3706 2448 3762 Laurentianus.

357 3771 722 3828 Salisubsulus
760 3778 913 3841 enim,
950 3777 1029 3827 uti
1051 3777 1111 3828 in
1137 3775 1478 3840 antiquorum
1501 3782 1845 3832 monumentis
1868 3780 2062 3845 reperi,
2102 3776 2256 3829 Mars
2293 3796 2328 3827 a
2362 3792 2447 3827 ve-

321 3845 521 3896 teribus
558 3846 730 3898 diceus
767 3857 858 3899 est.
934 3846 1194 3898 Pacuvius
1247 3847 1304 3899 in
1343 3863 1613 3900 armorum
1659 3850 1883 3912 iudicio,
1913 3866 2015 3913 pro
2066 3849 2285 3914 imperio
2326 3846 2449 3897 sali-

323 3915 588 4036 subsulusl
602 3918 653 3968 εἰ
694 3928 876 4038 mitro
922 3912 1146 3970 excubet*
1202 3917 1515 3971 Alexander
1555 3919 1846 3971 Guarinus.
1995 3919 2288 3986 suscipiant
2322 3913 2445 3967 DL.

396 3996 458 4039 30.
499 4000 566 4038 cu
592 3986 723 4040 onia
810 4026 821 4039 .

468 4071 552 4127 11.
590 4084 630 4123 3.
669 4073 1020 4144 pudicaeque
1060 4073 1297 4144 paludes
1335 4075 1453 4127 DL.
1561 4087 1601 4126 5.
1640 4078 1736 4129 est
1768 4076 1844 4129 L.-
1884 4090 1991 4146 que
2032 4075 2101 4127 D.
2207 4088 2344 4143 puer
2379 4072 2449 4129 D.

394 4151 432 4194 7.
473 4141 573 4194 Cui
615 4142 798 4198 iocum
837 4146 909 4199 sit
936 4145 1056 4201 DL.
1162 4157 1201 4197 8.
1240 4145 1312 4197 Et
1339 4147 1413 4197 L:
1451 4146 1531 4201 Ut
1567 4146 1637 4201 D.
1667 4157 1803 4215 puto
1828 4147 1950 4202 Est.
2046 4142 2268 4199 -tenello
2304 4144 2375 4197 D.

313 4225 356 4267 9.
400 4211 733 4268 delicantius
774 4217 838 4272 L.
986 4228 1047 4271 ιο,
1088 4215 1228 4268 libet
1265 4217 1337 4269 D.
1941 4213 1944 4216 ’
