3364 5328
928 676 1009 737 48
1560 669 1996 725 OATULLUS-
2016 670 2103 734 64,
2148 676 2209 721 70
2231 701 2282 706 -
2311 679 2424 725 102.

1100 852 1247 908 Toto
1293 848 1511 919 animo,
1557 853 1681 905 tota
1726 847 2025 921 pendebat
2069 847 2298 919 perdita
2342 856 2558 908 mente.

1101 936 1187 993 Ah
1235 935 1468 1003 misera,
1517 934 1771 991 assiduis
1818 949 1996 1006 quam
2047 932 2306 990 luctibus
2353 933 2678 993 externavit

1103 1021 1385 1094 Spinosas
1431 1020 1681 1094 Erycina
1726 1034 1931 1076 serens
1976 1018 2034 1075 10
2080 1024 2319 1092 pectore
2365 1036 2538 1078 curas

1024 1108 1205 1165 20111a
1251 1112 1617 1179 tempestate,
1665 1107 1832 1162 ferox
1878 1118 1996 1177 quo
2043 1121 2115 1161 ex
2159 1111 2423 1178 tempore
2468 1109 2728 1165 Theseus

1105 1194 1391 1266 Egressus
1438 1191 1633 1248 curvis
1680 1206 1713 1247 e
1758 1191 2029 1249 litoribus
2075 1190 2263 1248 Piraei

1104 1278 1309 1351 Attigit
1352 1276 1549 1334 iniusti
1597 1276 1753 1350 regis
1802 1276 2082 1349 Gortynia
2128 1283 2301 1334 tecta.

1106 1364 1250 1420 Nam
1296 1362 1608 1435 perhibent
1654 1362 1792 1419 olim
1840 1362 2063 1419 crudeli
2108 1370 2274 1434 peste
2320 1370 2583 1420 coactam

1103 1449 1572 1521 Androgeoneae
1616 1462 1842 1520 poenas
1888 1447 2161 1506 exolvere
2206 1449 2403 1506 caedis

1022 1546 1072 1585 25
1099 1534 1332 1592 Electos
1376 1532 1620 1589 iuvenes
1665 1533 1838 1597 simul
1886 1539 1944 1589 et
1989 1533 2171 1590 decus
2216 1533 2597 1606 innuptarum

1106 1617 1449 1690 Cecropiam
1496 1617 1727 1674 solitam
1776 1633 1906 1675 esse
1953 1619 2164 1691 dapem
2212 1619 2352 1676 dare
2397 1620 2747 1677 Minotauro,

1105 1704 1247 1772 Quis
1295 1709 1545 1776 angusta
1590 1703 1761 1759 malis
1807 1717 1941 1760 cum
1987 1703 2222 1760 moenia
2265 1711 2639 1775 vexarentur,

1104 1791 1234 1862 Ipse
1279 1804 1453 1846 suum
1499 1789 1761 1845 Theseus
1806 1804 1913 1861 pro
1961 1789 2112 1845 caris
2158 1803 2373 1862 corpus
2420 1790 2664 1848 Athenis

1103 1875 1378 1932 Proicere
1425 1874 1651 1946 optavit
1695 1874 1893 1947 potius
1938 1889 2115 1946 quam
2159 1876 2298 1947 talia
2345 1874 2576 1934 Cretam

1024 1972 1076 2011 ³0
1103 1961 1333 2018 Funera
1379 1958 1699 2031 Cecropiae
1745 1975 1855 2017 nec
1905 1959 2114 2018 funera
2159 1967 2555 2034 portarentur.

976 2046 1057 2105 45
1104 2045 1294 2118 Atque
1339 2045 1419 2102 ita
1467 2060 1620 2102 nave
1665 2044 1781 2102 levi
1828 2046 2020 2104 nitens
2067 2062 2137 2104 00
2183 2047 2416 2105 10011105
2461 2047 2620 2105 011115

1102 2130 1541 2205 Magnanimum
1588 2130 1662 2186 ad
1709 2131 1902 2188 Minoa
1947 2132 2107 2189 venit
2149 2134 2440 2205 sedesque
2484 2134 2792 2206 superbas.

1103 2217 1274 2274 Hunc
1318 2216 1492 2273 simul
1539 2230 1608 2272 ac
1654 2216 1869 2288 cupido
1917 2218 2221 2289 conspexit
2264 2218 2487 2275 lumine
2533 2218 2699 2292 virgo

1104 2302 1303 2375 Regia,
1350 2316 1528 2372 quam
1574 2301 1773 2358 511ον15
1820 2301 2092 2372 expirans
2138 2308 2334 2360 castus
2381 2304 2595 2361 odores

1048 2401 1072 2439 5
1106 2387 1381 2445 Lectulus
1428 2385 1487 2442 10
1533 2385 1697 2443 molli
1743 2386 2055 2458 complexu
2099 2387 2300 2444 matris
2347 2388 2558 2460 alebat,

1109 2472 1325 2541 Quales
1370 2472 1625 2528 Eurotae
1669 2470 2034 2544 progignunt
2077 2471 2322 2530 flumina
2364 2481 2592 2549 myrtus
2637 2490 2642 2497 ’

1110 2557 1344 2615 Aul-ave
1386 2555 1694 2613 distinctos
1739 2556 1938 2614 educit
1982 2573 2163 2616 verna
2208 2560 2456 2632 0010105,

1108 2643 1234 2701 Νο0
1281 2640 1446 2715 prius
1493 2655 1564 2699 ex
1609 2641 1710 2699 illo
1756 2639 2065 2715 flagrantia
2112 2643 2428 2702 declinavit

1107 2728 1375 2796 Lumina,
1422 2742 1601 2798 quam
1648 2733 1861 2783 cuncto
1911 2728 2180 2798 concepit
2224 2742 2472 2800 corpore
2517 2729 2811 2787 flammam

1027 2827 1077 2866 10
1105 2814 1392 2873 Funditus
1437 2818 1614 2884 atque
1659 2811 1791 2868 imis
1838 2812 2054 2868 exarsit
2100 2817 2225 2869 tota
2270 2812 2559 2870 medullis,

1108 2900 1234 2956 Heu
1280 2898 1494 2956 misere
1539 2897 1842 2970 exagitans
1887 2896 2094 2954 immiti
2142 2897 2321 2954 corde
2366 2898 2595 2956 furores

1110 2986 1324 3044 Sancte
1367 2998 1533 3057 puer,
1584 2982 1740 3040 curis
1785 2982 2091 3040 hominum
2137 2983 2236 3056 qui
2284 2984 2498 3057 gaudia
2543 2983 2774 3056 1015005,

1109 3071 1394 3142 Quaeque
1439 3068 1594 3143 regis
1642 3068 1860 3142 Golgos
1906 3084 2176 3141 quaeque
2219 3069 2468 3127 Idalium
2513 3061 2882 3144 frondosum,

1110 3156 1396 3225 Qualibus
1442 3154 1743 3212 incensam
1785 3154 2045 3212 iactastis
2091 3161 2287 3212 mente
2329 3155 2590 3228 puellam

1035 3254 1084 3292 1⁵
1112 3241 1413 3299 Fluctibus
1458 3239 1518 3297 in
1561 3239 1716 3297 flavo
1762 3255 1939 3312 saepe
1985 3241 2217 3313 hospite
2262 3239 2686 3313 suspirantem!

1115 3328 1380 3395 Quantos
1424 3326 1525 3383 illa
1566 3324 1702 3383 tulit
1742 3325 2045 3398 languenti
2091 3326 2269 3384 001110
2313 3320 2581 3384 timores!

1116 3413 1349 3481 Quanto
1395 3425 1573 3483 saepe
1618 3410 1806 3483 magis
1852 3410 2081 3483 fulgore
2126 3411 2408 3484 expalluit
2452 3409 2610 3468 011111

1112 3496 1258 3554 Cum
1302 3510 1544 3554 saevum
1595 3495 1837 3567 cupiens
1882 3501 2086 3553 eontra
2132 3496 2492 3555 contendere
2536 3504 2867 3555 monstrum

1113 3581 1229 3639 Aut
1271 3587 1523 3638 mortem
1570 3586 1873 3653 oppeteret
1916 3581 2176 3639 Theseus
2223 3589 2326 3640 aut
2367 3583 2631 3655 praemia
2674 3584 2883 3642 laudis.

1082 3694 1170 3760 44,
1208 3706 1270 3745 1⁷.
1312 3692 1589 3763 prodebat
1624 3694 2041 3747 Laurentianus.
2149 3707 2213 3747 18.
2251 3695 2503 3749 assidine
2532 3715 2608 3763 pr
2631 3696 2694 3750 L.
2807 3703 3060 3752 externa-

944 3766 1022 3818 vit
1058 3767 1113 3816 D
1150 3776 1199 3818 et
1234 3765 1440 3815 Nonius
1479 3773 1526 3828 2,
1556 3773 1655 3815 308
1688 3782 1744 3829 p.
1789 3773 1913 3816 108:
1954 3765 2276 3819 extenuavit
2312 3764 2377 3819 L.
2486 3778 2549 3817 20.
2589 3770 2856 3836 feroxque
2883 3767 3002 3821 DL.

943 3851 1016 3887 ex
1041 3833 1218 3887 Italus
1255 3837 1315 3887 in
1353 3835 1643 3899 exemplari
1687 3835 1878 3886 Veneto
1915 3836 1994 3888 ed.
2022 3837 2150 3887 Αἶά.
2184 3845 2343 3888 1502:
2384 3840 2444 3889 et
2468 3837 2532 3901 L,
2575 3837 2630 3889 in
2657 3840 2727 3889 D.
2834 3849 2895 3891 22.
2935 3852 3058 3890 cor-

939 3905 1082 3957 11010
1115 3909 1270 3959 tenta.
1305 3904 1421 3958 DL.
1479 3903 1695 3973 templa
1719 3904 2026 3969 Par-isium,
2068 3909 2283 3975 tempta
2307 3907 2725 3959 Laurentianus.
2831 3901 2893 3958 23.
2931 3923 3061 3976 pro-

940 3975 1138 4029 bibent
1172 3978 1243 4030 D.
1350 3986 1413 4029 24.
1455 3973 1590 4027 Cum
1630 3974 2054 4041 androgeaueae
2082 3977 2197 4029 DL.
2304 3988 2366 4033 27.
2404 3976 2626 4030 moenia
2650 3978 2723 4028 L.-
2760 3977 2959 4029 ineena
2989 3980 3062 4042 D,

939 4046 995 4099 in
1037 4045 1199 4100 cenia
1233 4046 1646 4097 RiccardianuS.
1756 4056 1818 4097 29.
1858 4045 2143 4098 Proiicere
2184 4047 2243 4098 L.

1080 4117 1167 4183 45,
1207 4129 1245 4172 1.
1284 4114 1395 4168 leni
1445 4115 1631 4168 nitens
1680 4117 1844 4183 atque
1890 4114 2108 4169 levibus
2146 4119 2214 4169 D.
2324 4130 2361 4173 3.
2402 4116 2672 4170 simulhac
2710 4118 2779 4168 D.
2886 4128 2923 4166 0.
2966 4132 3062 4169 011-

942 4202 1115 4256 ropae
1153 4188 1492 4257 pei-gignunt
1527 4185 1646 4236 DL.
1790 4196 1852 4235 13.
1893 4185 2110 4254 Quique
2150 4188 2265 4238 DL.
2412 4187 2641 4240 colchos
2680 4187 2797 4238 DL.
2837 4190 3066 4241 correxit

946 4259 1221 4310 Avantius.
1369 4255 1575 4324 quique
1623 4257 1693 4306 D.
1839 4266 1901 4304 14.
1951 4255 2213 4321 Qualibet
2259 4256 2324 4308 L.
2469 4268 2532 4308 17.
2582 4257 2796 4326 fulgure
2852 4260 2921 4314 D.

942 4338 1004 4380 19.
1044 4331 1343 4397 oppeteret
1376 4326 1807 4379 Laurentianm:
1847 4328 2075 4394 opetere
2113 4327 2183 4391 D,
2224 4342 2434 4398 oppere
2473 4327 2534 4383 L.
