3364 5328
969 613 1051 691 66
1603 609 2017 667 OATULLUS
2056 610 2142 676 68,
2195 619 2440 665 40—6s.

1224 789 1387 847 Ultro
1431 801 1542 862 ego
1589 788 1899 860 deferrem,
1947 789 2116 862 copia
2161 789 2330 862 siqua
2376 788 2545 848 foret.

1056 887 1106 927 25
1133 875 1260 932 Non
1306 888 1548 948 possum
1595 876 1862 944 reticere,
1911 876 2074 945 deae,
2122 890 2238 948 qua
2282 890 2377 933 me
2421 875 2607 933 Allius
2651 875 2711 934 in
2758 891 2822 933 re

1220 960 1439 1018 iuverit
1483 967 1585 1019 aut
1631 961 1866 1035 quantis
1911 960 2124 1019 iuverit
2166 960 2402 1019 officiis:

1136 1046 1254 1106 Nec
1298 1047 1530 1120 fugiens
1574 1047 1783 1105 saeclis
1829 1046 2313 1107 obliviscentibus
2356 1053 2518 1105 aetas

1219 1132 1380 1190 Illius
1426 1133 1543 1191 hoc
1588 1148 1765 1193 caeca
1809 1140 1984 1191 nocte
2028 1140 2187 1207 tegat
2229 1132 2517 1191 studium:

1134 1217 1249 1275 Sed
1294 1218 1484 1276 dicam
1533 1219 1722 1290 vobiS,
1769 1233 1875 1277 vos
1922 1232 2102 1292 porro
2151 1218 2325 1277 dicite
2367 1218 2566 1276 multis

1058 1314 1111 1354 ³0
1220 1302 1473 1363 Millibus
1521 1310 1578 1362 et
1622 1304 1794 1363 facite
1839 1306 1986 1363 baec
2032 1305 2235 1362 charta
2279 1304 2556 1377 loquatur
2599 1319 2748 1363 anus

1219 1439 1613 1515 Notescatque
1657 1442 1845 1516 magis
1889 1446 2158 1498 mortuus
2206 1446 2381 1513 atque
2423 1439 2629 1514 magiS,

1134 1525 1251 1583 Nec
1295 1532 1534 1596 tenuem
1579 1533 1786 1585 texens
1831 1525 2098 1584 sublimis
2144 1541 2360 1583 aranea
2405 1525 2580 1584 telam

1006 1607 1085 1669 63
1219 1611 1283 1667 ln
1331 1612 1566 1669 deserto
1611 1611 1724 1670 Alli
1768 1612 2009 1670 nomine
2054 1625 2203 1684 opus
2248 1611 2437 1669 faciat.

1130 1695 1293 1767 Nam,
1340 1696 1479 1755 mihi
1528 1713 1708 1772 quam
1755 1696 1982 1756 dederit
2027 1697 2242 1769 duplex
2286 1694 2630 1755 Amathusia
2675 1711 2897 1766 curam,

1215 1782 1403 1854 Scitis,
1451 1790 1509 1840 et
1553 1782 1610 1840 in
1662 1798 1782 1858 quo
1826 1800 1921 1841 me
1968 1782 2252 1840 corruerit
2298 1797 2531 1855 genere,

1126 1867 1274 1925 Cum
1319 1874 1546 1926 tantum
1593 1870 1863 1928 arderem
1910 1874 2196 1943 quantum
2241 1868 2536 1926 Trinacria
2582 1884 2758 1942 rupes

1076 1963 1100 2000 ⁵
1212 1953 1596 2028 Lymphaque
1641 1955 1702 2014 in
1749 1955 1981 2014 Oetaeis
2025 1954 2198 2011 Malia
2242 1953 2665 2029 Thermopylis,

1124 2038 1344 2096 Maesta
1388 2055 1581 2112 neque
1627 2041 1868 2099 assiduo
1914 2040 2215 2101 tabescere
2259 2040 2482 2098 lumina
2528 2038 2666 2096 fletu

1211 2124 1525 2183 Cessarent
1569 2126 1840 2199 tristique
1883 2126 2072 2184 imbre
2119 2126 2359 2183 madere
2406 2140 2612 2200 genae,

1126 2210 1330 2279 Qualis
1372 2212 1430 2267 in
1478 2212 1619 2268 aerii
1664 2211 1975 2284 perlucens
2022 2211 2237 2268 vertice
2281 2211 2497 2269 montis

1210 2295 1389 2353 Rivus
1433 2310 1709 2353 muscoso
1754 2295 1984 2369 prosilit
2028 2311 2061 2353 e
2104 2294 2319 2367 lapide,

1040 2390 1093 2429 ιο
1117 2379 1229 2447 Qui
1273 2395 1406 2438 cum
1451 2381 1526 2438 de
1570 2395 1758 2453 prona
1802 2394 2084 2454 praeceps
2130 2387 2219 2438 est
2264 2380 2415 2438 valle
2461 2380 2717 2451 volutuS,

1206 2465 1317 2522 Per
1360 2465 1620 2523 medium
1665 2465 1886 2523 sensim
1931 2466 2142 2523 transit
2184 2465 2296 2524 iter
2339 2465 2560 2540 populi,

1121 2549 1298 2606 Dulce
1345 2549 1550 2608 viatori
1596 2551 1754 2608 lasso
1801 2550 1859 2608 in
1906 2552 2125 2608 sudore
2171 2551 2460 2622 levamen,

1206 2633 1353 2692 Cum
1398 2634 1592 2708 gravis
1639 2640 1879 2693 exustos
1925 2642 2122 2693 aestus
2167 2635 2389 2694 hiulcat
2434 2649 2629 2709 agros,

1117 2719 1239 2788 Hic,
1286 2719 1447 2778 velut
1489 2720 1549 2777 in
1595 2720 1766 2794 nigro
1811 2720 2035 2777 iactatis
2078 2720 2314 2777 turbine
2360 2720 2555 2776 nautis

1039 2817 1087 2858 15
1200 2806 1416 2863 Lenius
1462 2803 1731 2879 aspirans
1776 2819 1922 2862 aura
1965 2805 2224 2863 secunda
2270 2804 2430 2862 venit

1117 2892 1237 2949 lam
1282 2905 1455 2964 prece
1502 2890 1776 2960 Pollucis,
1824 2890 1940 2947 iam
1988 2890 2246 2948 Castoris
2290 2890 2617 2963 implorate,

1200 2977 1339 3035 Tale
1384 2977 1493 3035 fuit
1536 2976 1709 3034 nobis
1753 2976 1981 3033 Manius
2028 2975 2327 3034 auxilium.

1114 3064 1169 3121 Is
1215 3064 1482 3121 clausum
1524 3062 1644 3119 lato
1692 3060 1965 3136 patefecit
2007 3061 2191 3119 limite
2236 3076 2527 3135 campum,

1198 3149 1373 3223 Isque
1419 3149 1658 3207 domum
1704 3147 1877 3206 nobis
1920 3145 2092 3221 isque
2136 3146 2299 3205 dedit
2345 3147 2663 3217 dominam,

998 3343 1003 3348 ’
1080 3332 1167 3397 62,
1204 3342 1269 3387 24.
1310 3329 1558 3383 differem
1585 3331 1656 3397 D,
1698 3329 1956 3385 diferrem
1983 3329 2045 3382 L.
2154 3341 2217 3385 25.
2255 3346 2416 3399 quam
2445 3328 2629 3384 fallius
2659 3331 2721 3397 L,
2762 3348 2921 3401 quam
2957 3331 3053 3383 fal-

939 3403 1102 3457 limus
1126 3405 1197 3454 D.
1227 3403 1453 3455 correaeit
1477 3401 1736 3471 Scaliqer.
1847 3412 1907 3455 2⁷.
1950 3399 2103 3454 sedis
2133 3420 2205 3467 pr
2240 3401 2303 3453 L.
2414 3413 2475 3453 30.
2516 3405 2672 3455 certa
2711 3404 2766 3453 D
2800 3413 2850 3454 et
2880 3420 2949 3467 pr
2986 3401 3050 3452 L.

1005 3486 1068 3527 31.
1105 3474 1452 3526 interstitium
1478 3473 1536 3523 in
1564 3471 1638 3523 L.-
1665 3470 1937 3526 Omnibus
1964 3475 2021 3525 et
2047 3472 2123 3536 (in
2147 3471 2463 3536 Parisinus)
2487 3472 2667 3525 triviis
2694 3471 2946 3539 vulgetur
2972 3472 3050 3523 fa-

937 3542 1069 3597 bula
1106 3542 1317 3614 passim
1357 3543 1426 3594 D.
1463 3543 1551 3595 hie
1587 3560 1771 3596 versus
1814 3544 1874 3595 in
1912 3544 2091 3596 codice
2128 3542 2377 3600 Parisino
2414 3542 2644 3596 Senecae
2680 3544 2983 3595 ascribitur.

935 3625 1000 3668 33.
1024 3619 1227 3667 'texens
1254 3618 1488 3666 tenuem·
1503 3614 1576 3664 D.
1651 3627 1857 3665 arenea
1880 3612 1949 3667 D.
2022 3624 2086 3665 34.
2112 3612 2417 3667 Iucundum
2445 3628 2568 3666 cum
2594 3618 2753 3666 aetas
2783 3614 3055 3679 (cometas

935 3685 1012 3751 D)
1049 3682 1247 3736 florida
1284 3699 1382 3736 ver
1420 3681 1595 3748 (ut⁸L)
1635 3686 1831 3751 ageret
1853 3680 1976 3734 DL.
2007 3694 2132 3750 post
2166 3685 2307 3737 hune
2332 3685 2678 3737 interstitium
2716 3694 2793 3735 est
2831 3685 2892 3735 in
2927 3684 2993 3734 L.

1074 3771 1161 3835 63,
1198 3783 1237 3821 1.
1277 3769 1353 3822 ali
1392 3768 1458 3834 L,
1498 3770 1624 3823 aliis
1650 3772 1722 3831 D,
1762 3769 1856 3823 alii
1883 3770 2186 3822 Parisinus.
2225 3770 2452 3822 correxit
2476 3769 2733 3838 Scaliqer.
2843 3782 2881 3822 2.
2922 3785 3055 3822 ana-

933 3840 1122 3896 tunsia
1157 3843 1228 3896 D.
1349 3851 1387 3894 5.
1423 3840 1663 3911 Limphe
1703 3840 1759 3893 in
1796 3842 1867 3893 D.
1987 3839 2198 3893 ortheis
2236 3839 2301 3904 L,
2341 3839 2523 3893 cethis
2562 3840 2984 3892 Laurentianus

933 3912 1137 3966 manlia
1180 3913 1252 3974 D,
1299 3912 1550 3965 mathilia
1587 3911 1649 3961 L.
1793 3910 2142 3979 termophilis
2179 3908 2300 3960 DL.
2441 3922 2481 3963 e.
2520 3909 2740 3963 numula
2786 3909 2891 3962 DL

930 3993 969 4036 ⁷.
1010 3982 1276 4036 Cessaret
1311 3981 1382 4045 D,
1422 3981 1662 4035 Cessare
1699 3980 1767 4043 L,
1808 3979 2048 4035 Cessare
2087 3996 2156 4032 ne
2193 3980 2606 4033 Laurentianus.
2713 3992 2751 4030 s.
2792 3979 2942 4033 aerei
2982 3982 3055 4032 D.

933 4064 1040 4175 ..52
1076 4051 1617 4175 1032325212212121‘15.
1643 4050 2039 4174 {atr-12¹⁰·
2079 4048 2448 4174 vitatus.
2515 4050 2829 4175 ‘nistra
2859 4050 3053 4171 aar·

958 4144 974 4174 ι
1053 4139 1066 4174 2
1413 4161 1427 4175 .
1620 4163 1632 4176 .
1978 4159 1990 4171 .
2453 4158 2464 4172 .
2971 4160 2982 4170 .

930 4204 993 4247 15.
1029 4192 1242 4246 Levius
1289 4191 1352 4256 L,
1390 4192 1629 4247 Leniter
1664 4193 1736 4243 D.
1877 4203 1941 4242 16.
1965 4193 2229 4260 sortasse·
2256 4190 2595 4261 imploratu..
2714 4202 2773 4244 17.
2814 4190 3052 4245 manlius

930 4262 1050 4328 DL,
1088 4263 1226 4332 quod
1262 4265 1487 4320 correxi.
1629 4273 1693 4312 18.
1732 4276 1981 4316 crassum
2025 4263 2091 4328 D,
2131 4262 2370 4317 classum
2405 4280 2477 4334 pr
2514 4260 2577 4312 L.
