3364 5328
958 622 1041 682 24
1553 617 1967 675 GATULLUS
2005 620 2093 686 39,
2139 629 2195 673 12
2224 649 2283 659 »-
2306 620 2394 685 42,
2436 632 2483 674 2.

1048 810 1101 847 ³0
1126 796 1242 854 Aut
1286 795 1627 855 Lanuvinus
1673 802 1800 854 ater
1844 804 2021 870 atque
2066 797 2339 855 dentatus

1002 879 1077 939 21
1131 882 1248 940 Aut
1288 882 1765 953 Transpadanus
1814 890 1879 941 ut
1923 898 2085 941 meos
2131 899 2370 956 quoque
2415 882 2717 957 attingam,

1132 968 1248 1025 Aut
1293 967 1393 1040 qui
1437 967 1619 1036 lubet,
1665 967 1767 1039 qui
1812 969 2037 1041 puriter
2079 968 2221 1027 lavit
2267 970 2491 1038 denteS‚

1132 1055 1350 1109 Tamen
1396 1052 1665 1110 renidere
1711 1069 1900 1127 usque
1944 1070 2181 1127 quaque
2225 1062 2283 1112 te
2327 1055 2574 1113 nollem:

1132 1139 1276 1196 Nam
1321 1137 1441 1195 risu
1488 1138 1687 1210 inepto
1735 1155 1829 1198 res
1873 1140 2125 1211 ineptior
2169 1141 2330 1198 nulla
2374 1148 2510 1213 est.-

1079 1238 1103 1274 5
1131 1224 1295 1281 Nunc
1336 1222 1618 1280 Celtiber:
1667 1224 1979 1283 Celtiberia
2023 1225 2082 1283 in
2128 1233 2303 1297 terra,

1134 1309 1303 1377 Quod
1349 1308 1601 1380 quisque
1645 1310 1870 1380 minxit,
1918 1312 2032 1368 hoc
2076 1312 2187 1369 sibi
2233 1311 2384 1370 solet
2429 1326 2601 1369 mane

1135 1395 1377 1453 Dentem
1423 1401 1599 1466 atque
1644 1412 1874 1453 russam
1922 1396 2209 1455 defricare
2254 1396 2570 1471 gingivam,

1133 1480 1206 1536 Ut
1250 1494 1368 1552 quo
1414 1479 1523 1538 iste
1569 1486 1763 1538 vester
1808 1481 2116 1553 expolitior
2161 1482 2307 1540 dens
2353 1489 2460 1553 est,

1038 1612 1041 1615 .
1100 1565 1258 1637 ‚Hoc
1303 1572 1360 1624 te
1405 1564 1655 1637 amplius
1700 1566 1921 1626 bibisse
1965 1567 2263 1640 praedicet
2308 1568 2429 1625 loti.
2529 1598 2536 1605 ·

1054 1785 1104 1823 10
1131 1736 1450 1838 Quaenam
1497 1779 1553 1828 te
1598 1773 1754 1829 mala
1800 1789 1983 1842 mens,
2034 1772 2258 1829 miselle
2303 1771 2543 1844 Ravide,

1133 1857 1267 1929 Agit
1309 1856 1690 1931 praeeipitem
1734 1857 1794 1915 in
1839 1872 2005 1915 meos
2049 1852 2319 1915 iambos?

1136 1942 1278 2011 Quis
1325 1942 1472 2000 deus
1518 1941 1620 2000 tibi
1664 1957 1784 2000 non
1830 1943 1983 2001 bene
2027 1943 2352 2004 advocatus

1135 2028 1459 2086 vecordem
1498 2034 1673 2101 ‘parat
1720 2029 1977 2087 excitare
2020 2024 2249 2085 rixam?

1134 2115 1220 2173 An
1271 2120 1334 2171 ut
1379 2114 1688 2186 pervenias
1733 2114 1792 2172 in
1839 2130 1943 2172 ora
1986 2108 2189 2187 vulgi?

1054 2214 1102 2253 15
1133 2200 1286 2269 Quid
1334 2194 1461 2256 vis?
1509 2215 1626 2272 qua
1669 2199 1836 2257 lubet
1880 2215 2009 2257 esse
2054 2204 2232 2256 notu‘s
2265 2196 2475 2273 optas?

1135 2285 1281 2355 EriS,
1330 2284 1815 2356 quandoquidem
1859 2297 2024 2341 meos
2070 2298 2302 2341 amores

1138 2371 1283 2429 Cum
1330 2369 1508 2442 longa
1553 2369 1789 2427 voluisti
1835 2383 2032 2427 amare
2077 2382 2287 2441 poena.

1139 2556 1412 2650 Ameana
1456 2590 1652 2663 puella
1700 2585 1967 2648 defututa

1138 2681 1281 2737 Tota
1327 2678 1487 2735 milia
1530 2693 1624 2734 me
1671 2677 1876 2735 decem
1921 2673 2205 2746 poposcit,

1056 2768 1250 2824 2olsta
1292 2762 1588 2838 turpiculo
1634 2762 1830 2834 puella
1876 2773 2041 2828 naso,

1142 2849 1474 2911 Decoctoris
1526 2847 1714 2905 amica
1757 2844 2074 2904 Formiani.

1140 2934 1480 3008 Propinqui,
1529 2933 1745 3005 quibus
1790 2938 1879 2990 est
1923 2929 2120 3004 puella
2165 2946 2360 3000 curae,

1140 3021 1374 3080 Amicos
1418 3018 1800 3092 medicosque
1845 3022 2195 3076 convocate:

1140 3108 1266 3165 Non
1313 3112 1400 3164 est
1443 3120 1588 3163 sana
1633 3105 1849 3180 puella.
1916 3118 2027 3161 nee
2073 3108 2292 3175 rogate,

1060 3204 1112 3243 2⁵
1139 3192 1339 3263 Qualis
1385 3190 1484 3250 sit:
1530 3191 1681 3249 solet
1727 3198 1783 3249 et
1826 3183 2240 3263 imaginosum.

1142 3377 1392 3486 Adeste,
1441 3411 1936 3486 hendecasyllabi,
1985 3416 2130 3482 quot
2172 3409 2313 3467 estis

1143 3504 1360 3562 Omnes
1407 3498 1689 3571 undique,
1736 3504 2027 3570 quotquot
2072 3494 2209 3553 estis
2250 3510 2471 3554 omnes,

1115 3684 1200 3738 20.
1241 3695 1303 3733 30.
1341 3680 1597 3734 lanuinus
1632 3681 1754 3745 DL,
1793 3678 2085 3752 lamivinus
2122 3678 2535 3732 Laurentianus.

1113 3770 1201 3832 21,
1240 3780 1278 3818 1.
1319 3771 1378 3820 ut
1417 3770 1498 3820 D.-
1537 3769 1633 3820 aut
1661 3765 1726 3818 L.
1830 3780 1869 3817 2.
1909 3766 2120 3837 pariter
2158 3764 2571 3819 Laurentianus.
2680 3779 2718 3815 5.
2757 3765 2921 3820 Nune
2958 3767 3083 3821 Cel-

972 3840 1120 3893 tiber
1156 3855 1217 3892 ee
1261 3840 1591 3891 Gor-rudinus
1629 3840 1695 3890 de
1731 3836 1897 3889 Atlio.
2005 3850 2044 3887 6.
2083 3835 2275 3889 minsit
2311 3838 2381 3888 D.
2491 3852 2592 3889 sua
2630 3836 2741 3890 sibi
2778 3836 2934 3890 urina
2970 3841 3079 3904 Ap-

971 3913 1180 3977 puleius
1218 3911 1278 3961 in
1316 3910 1522 3978 apoloq.
1553 3928 1609 3974 p.
1636 3915 1734 3959 277
1779 3907 1913 3959 Elm.
2090 3919 2128 3957 7.
2165 3922 2378 3960 russam
2418 3908 2744 3975 Appuleius:
2791 3922 2972 3960 rusam
3012 3910 3080 3972 D,

971 3981 1146 4033 rufam
1193 3978 1250 4029 L.
1359 3981 1641 4050 pumicare
1680 3980 1993 4046 Appuleius.
2126 3990 2164 4027 9.
2203 3976 2353 4030 lotus
2389 3978 2509 4029 DL.
2654 3989 2714 4027 1o.
2753 3978 2968 4031 Ravide
3007 3977 3080 4029 L:

973 4050 1159 4104 invide
1197 4052 1267 4105 D.
1398 4062 1458 4100 14.
1497 4049 1884 4119 perveniamus
1922 4048 1977 4100 in
2017 4046 2137 4099 DL.
2267 4059 2329 4097 17.
2367 4062 2552 4118 penna
2586 4048 2633 4099 L
2668 4059 2717 4100 et
2750 4050 2811 4101 in
2846 4051 3083 4117 nmrqine

975 4137 1188 4189 poema.
1287 4133 1348 4172 18.
1388 4122 1442 4173 A
1481 4136 1565 4173 me
1607 4136 1676 4172 an
1716 4135 1750 4172 a
1784 4117 1975 4189 puella
1999 4120 2069 4183 D,
2112 4119 2366 4175 Amoena
2402 4133 2561 4186 agme
2601 4118 2791 4187 puello.
2814 4119 2877 4170 L.
2985 4118 3079 4171 de-

974 4192 1156 4244 futura
1192 4192 1252 4243 L.
1384 4204 1447 4242 22.
1484 4190 1668 4261 puelle
1706 4193 1778 4242 D.
1900 4201 1964 4239 23.
2004 4204 2314 4242 convocare
2353 4189 2761 4244 Laurentianus.
2897 4201 2959 4242 24.
2997 4205 3081 4244 ro-

976 4276 1106 4330 gare
1145 4264 1213 4314 D.
1357 4274 1418 4313 25.
1459 4262 1575 4314 olet
1610 4260 1670 4311 L.
1816 4256 1895 4330 et]
1935 4259 2075 4314 haec
2112 4257 2263 4317 Itali.
