<?xml version="1.0" encoding="UTF-8"?>
<!DOCTYPE html PUBLIC "-//W3C//DTD XHTML 1.0 Transitional//EN"
    "http://www.w3.org/TR/xhtml1/DTD/xhtml1-transitional.dtd">
<html xmlns="http://www.w3.org/1999/xhtml" xml:lang="en" lang="en">
 <head>
  <title>
</title>
<meta http-equiv="Content-Type" content="text/html;charset=utf-8" />
  <meta name='ocr-system' content='tesseract 3.04.00' />
  <meta name='ocr-capabilities' content='ocr_page ocr_carea ocr_par ocr_line ocrx_word'/>
</head>
<body>
  <div class='ocr_page' id='page_1' title='image "./qvaleriicatulli04catugoog_0052.png"; bbox 0 0 3364 5328; ppageno 0'>
   <div class='ocr_carea' id='block_1_1' title="bbox 917 542 2383 609">
    <p class='ocr_par' dir='ltr' id='par_1_1' title="bbox 917 542 2383 609">
     <span class='ocr_line' id='line_1_1' title="bbox 917 542 2383 609; baseline -0.001 -12"><span class='ocrx_word' id='word_1_1' title='bbox 917 550 997 609; x_wconf 84' lang='lat'><strong>40</strong></span> <span class='ocrx_word' id='word_1_2' title='bbox 1573 542 1989 597; x_wconf 84' lang='lat' dir='ltr'><strong>OATULLUS</strong></span> <span class='ocrx_word' id='word_1_3' title='bbox 2029 545 2115 609; x_wconf 82' lang='lat'><strong>62,</strong></span> <span class='ocrx_word' id='word_1_4' title='bbox 2158 553 2184 595; x_wconf 88' lang='lat'><strong>5</strong></span> <span class='ocrx_word' id='word_1_5' title='bbox 2211 572 2273 583; x_wconf 51' lang='grc' dir='ltr'><strong>υ-</strong></span> <span class='ocrx_word' id='word_1_6' title='bbox 2300 554 2383 595; x_wconf 84' lang='grc'><em>32.</em></span> 
     </span>
    </p>
   </div>
   <div class='ocr_carea' id='block_1_2' title="bbox 1011 720 2945 3102">
    <p class='ocr_par' dir='ltr' id='par_1_2' title="bbox 1034 720 2798 1307">
     <span class='ocr_line' id='line_1_2' title="bbox 1086 720 2737 795; baseline -0.002 -18"><span class='ocrx_word' id='word_1_7' title='bbox 1086 722 1310 795; x_wconf 82' lang='lat' dir='ltr'><strong>Hymen</strong></span> <span class='ocrx_word' id='word_1_8' title='bbox 1358 734 1392 775; x_wconf 98' lang='lat' dir='ltr'><strong>o</strong></span> <span class='ocrx_word' id='word_1_9' title='bbox 1440 720 1793 793; x_wconf 77' lang='lat' dir='ltr'><strong>Hymenaee,</strong></span> <span class='ocrx_word' id='word_1_10' title='bbox 1843 721 2067 795; x_wconf 87' lang='lat' dir='ltr'><strong>Hymen</strong></span> <span class='ocrx_word' id='word_1_11' title='bbox 2114 721 2255 778; x_wconf 91' lang='lat' dir='ltr'><strong>ades</strong></span> <span class='ocrx_word' id='word_1_12' title='bbox 2302 735 2337 777; x_wconf 94' lang='lat' dir='ltr'><strong>o</strong></span> <span class='ocrx_word' id='word_1_13' title='bbox 2383 720 2737 791; x_wconf 85' lang='lat' dir='ltr'><strong>Hymenaee.</strong></span> 
     </span>
     <span class='ocr_line' id='line_1_3' title="bbox 1172 801 2780 878; baseline -0.003 -15"><span class='ocrx_word' id='word_1_14' title='bbox 1172 805 1437 874; x_wconf 75' lang='lat' dir='ltr'><strong>CernitiS,</strong></span> <span class='ocrx_word' id='word_1_15' title='bbox 1487 805 1787 878; x_wconf 83' lang='lat' dir='ltr'><strong>innuptae,</strong></span> <span class='ocrx_word' id='word_1_16' title='bbox 1837 801 2122 864; x_wconf 82' lang='lat' dir='ltr'><strong>iuvenes?</strong></span> <span class='ocrx_word' id='word_1_17' title='bbox 2169 805 2508 878; x_wconf 84' lang='lat' dir='ltr'><strong>consurgite</strong></span> <span class='ocrx_word' id='word_1_18' title='bbox 2556 810 2780 861; x_wconf 86' lang='lat' dir='ltr'><strong>contra.</strong></span> 
     </span>
     <span class='ocr_line' id='line_1_4' title="bbox 1034 890 2498 964; baseline -0.003 -14"><span class='ocrx_word' id='word_1_19' title='bbox 1034 906 1058 943; x_wconf 85' lang='lat'><strong>5</strong></span> <span class='ocrx_word' id='word_1_20' title='bbox 1088 893 1366 951; x_wconf 86' lang='lat' dir='ltr'><strong>Nimirum</strong></span> <span class='ocrx_word' id='word_1_21' title='bbox 1417 890 1668 948; x_wconf 85' lang='lat' dir='ltr'><strong>Oetaeos</strong></span> <span class='ocrx_word' id='word_1_22' title='bbox 1714 892 1970 950; x_wconf 88' lang='lat' dir='ltr'><strong>ostendit</strong></span> <span class='ocrx_word' id='word_1_23' title='bbox 2015 892 2268 949; x_wconf 76' lang='lat' dir='ltr'><strong>Noctifer</strong></span> <span class='ocrx_word' id='word_1_24' title='bbox 2312 892 2498 964; x_wconf 81' lang='lat' dir='ltr'><strong>ignes,</strong></span> 
     </span>
     <span class='ocr_line' id='line_1_5' title="bbox 1089 969 2513 1050; baseline -0.004 -13"><span class='ocrx_word' id='word_1_25' title='bbox 1089 979 1185 1037; x_wconf 79' lang='lat' dir='ltr'><strong>Sic</strong></span> <span class='ocrx_word' id='word_1_26' title='bbox 1231 982 1473 1034; x_wconf 83' lang='lat' dir='ltr'><strong>certost:</strong></span> <span class='ocrx_word' id='word_1_27' title='bbox 1523 977 1695 1034; x_wconf 84' lang='lat' dir='ltr'><strong>viden</strong></span> <span class='ocrx_word' id='word_1_28' title='bbox 1747 985 1811 1036; x_wconf 90' lang='lat' dir='ltr'><strong>ut</strong></span> <span class='ocrx_word' id='word_1_29' title='bbox 1855 978 2171 1050; x_wconf 80' lang='lat' dir='ltr'><strong>perniciter</strong></span> <span class='ocrx_word' id='word_1_30' title='bbox 2216 969 2513 1034; x_wconf 80' lang='lat' dir='ltr'><strong>exiluere?</strong></span> 
     </span>
     <span class='ocr_line' id='line_1_6' title="bbox 1088 1062 2798 1136; baseline -0.001 -15"><span class='ocrx_word' id='word_1_31' title='bbox 1088 1066 1214 1122; x_wconf 91' lang='lat' dir='ltr'><strong>Non</strong></span> <span class='ocrx_word' id='word_1_32' title='bbox 1261 1070 1480 1119; x_wconf 88' lang='lat' dir='ltr'><strong>temere</strong></span> <span class='ocrx_word' id='word_1_33' title='bbox 1527 1062 1815 1122; x_wconf 87' lang='lat' dir='ltr'><strong>exiluere:</strong></span> <span class='ocrx_word' id='word_1_34' title='bbox 1864 1070 2096 1135; x_wconf 88' lang='lat' dir='ltr'><strong>canent,</strong></span> <span class='ocrx_word' id='word_1_35' title='bbox 2145 1078 2262 1136; x_wconf 91' lang='lat' dir='ltr'><strong>quo</strong></span> <span class='ocrx_word' id='word_1_36' title='bbox 2309 1062 2497 1121; x_wconf 84' lang='lat' dir='ltr'><strong>visere</strong></span> <span class='ocrx_word' id='word_1_37' title='bbox 2541 1074 2649 1133; x_wconf 86' lang='lat' dir='ltr'><strong>par</strong></span> <span class='ocrx_word' id='word_1_38' title='bbox 2694 1068 2798 1120; x_wconf 86' lang='lat' dir='ltr'><strong>est.</strong></span> 
     </span>
     <span class='ocr_line' id='line_1_7' title="bbox 1093 1148 2742 1224; baseline -0.004 -17"><span class='ocrx_word' id='word_1_39' title='bbox 1093 1152 1312 1224; x_wconf 87' lang='lat' dir='ltr'><strong>Hymen</strong></span> <span class='ocrx_word' id='word_1_40' title='bbox 1362 1162 1396 1203; x_wconf 98' lang='lat' dir='ltr'><strong>o</strong></span> <span class='ocrx_word' id='word_1_41' title='bbox 1443 1148 1797 1221; x_wconf 82' lang='lat' dir='ltr'><strong>Hymenaee,</strong></span> <span class='ocrx_word' id='word_1_42' title='bbox 1847 1150 2073 1223; x_wconf 87' lang='lat' dir='ltr'><strong>Hymen</strong></span> <span class='ocrx_word' id='word_1_43' title='bbox 2119 1150 2261 1206; x_wconf 89' lang='lat' dir='ltr'><strong>ades</strong></span> <span class='ocrx_word' id='word_1_44' title='bbox 2308 1163 2342 1204; x_wconf 98' lang='lat' dir='ltr'><strong>o</strong></span> <span class='ocrx_word' id='word_1_45' title='bbox 2388 1148 2742 1221; x_wconf 89' lang='lat' dir='ltr'><strong>Hymenaee.</strong></span> 
     </span>
     <span class='ocr_line' id='line_1_8' title="bbox 1176 1232 2766 1307; baseline -0.003 -16"><span class='ocrx_word' id='word_1_46' title='bbox 1176 1235 1300 1291; x_wconf 88' lang='lat' dir='ltr'><strong>Non</strong></span> <span class='ocrx_word' id='word_1_47' title='bbox 1351 1232 1533 1290; x_wconf 81' lang='lat' dir='ltr'><strong>facilis</strong></span> <span class='ocrx_word' id='word_1_48' title='bbox 1579 1236 1770 1306; x_wconf 83' lang='lat' dir='ltr'><strong>nobiS,</strong></span> <span class='ocrx_word' id='word_1_49' title='bbox 1818 1235 2114 1307; x_wconf 84' lang='lat' dir='ltr'><strong>aequales,</strong></span> <span class='ocrx_word' id='word_1_50' title='bbox 2163 1235 2358 1307; x_wconf 86' lang='lat' dir='ltr'><strong>palma</strong></span> <span class='ocrx_word' id='word_1_51' title='bbox 2402 1237 2606 1305; x_wconf 85' lang='lat' dir='ltr'><strong>parata</strong></span> <span class='ocrx_word' id='word_1_52' title='bbox 2652 1237 2766 1287; x_wconf 89' lang='lat' dir='ltr'><strong>est:</strong></span> 
     </span>
    </p>

    <p class='ocr_par' dir='ltr' id='par_1_3' title="bbox 1011 1316 2945 1734">
     <span class='ocr_line' id='line_1_9' title="bbox 1011 1316 2738 1393; baseline 0.002 -21"><span class='ocrx_word' id='word_1_53' title='bbox 1011 1335 1061 1372; x_wconf 83' lang='lat'><strong>10</strong></span> <span class='ocrx_word' id='word_1_54' title='bbox 1087 1320 1359 1393; x_wconf 87' lang='lat' dir='ltr'><strong>Aspicite,</strong></span> <span class='ocrx_word' id='word_1_55' title='bbox 1406 1318 1688 1392; x_wconf 84' lang='lat' dir='ltr'><strong>innuptae</strong></span> <span class='ocrx_word' id='word_1_56' title='bbox 1733 1337 1934 1378; x_wconf 92' lang='lat' dir='ltr'><strong>secum</strong></span> <span class='ocrx_word' id='word_1_57' title='bbox 1983 1327 2046 1377; x_wconf 85' lang='lat' dir='ltr'><strong>ut</strong></span> <span class='ocrx_word' id='word_1_58' title='bbox 2091 1320 2369 1377; x_wconf 83' lang='lat' dir='ltr'><strong>meditata</strong></span> <span class='ocrx_word' id='word_1_59' title='bbox 2414 1316 2738 1390; x_wconf 87' lang='lat' dir='ltr'><strong>requirunt.</strong></span> 
     </span>
     <span class='ocr_line' id='line_1_10' title="bbox 1088 1399 2945 1473; baseline -0.002 -10"><span class='ocrx_word' id='word_1_60' title='bbox 1088 1406 1214 1463; x_wconf 82' lang='lat' dir='ltr'><strong>Non</strong></span> <span class='ocrx_word' id='word_1_61' title='bbox 1259 1405 1476 1462; x_wconf 82' lang='lat' dir='ltr'><strong>frustra</strong></span> <span class='ocrx_word' id='word_1_62' title='bbox 1520 1406 1907 1463; x_wconf 84' lang='lat' dir='ltr'><strong>meditantur:</strong></span> <span class='ocrx_word' id='word_1_63' title='bbox 1954 1406 2175 1463; x_wconf 90' lang='lat' dir='ltr'><strong>habent</strong></span> <span class='ocrx_word' id='word_1_64' title='bbox 2222 1404 2605 1462; x_wconf 85' lang='lat' dir='ltr'><strong>memorabile</strong></span> <span class='ocrx_word' id='word_1_65' title='bbox 2650 1403 2807 1473; x_wconf 89' lang='lat' dir='ltr'><strong>quod</strong></span> <span class='ocrx_word' id='word_1_66' title='bbox 2854 1399 2945 1459; x_wconf 92' lang='lat' dir='ltr'><strong>sit.</strong></span> 
     </span>
     <span class='ocr_line' id='line_1_11' title="bbox 1092 1489 2710 1563; baseline -0.002 -16"><span class='ocrx_word' id='word_1_67' title='bbox 1092 1492 1209 1547; x_wconf 91' lang='lat' dir='ltr'><strong>Nec</strong></span> <span class='ocrx_word' id='word_1_68' title='bbox 1254 1491 1488 1558; x_wconf 87' lang='lat' dir='ltr'><strong>mirum,</strong></span> <span class='ocrx_word' id='word_1_69' title='bbox 1536 1490 1770 1560; x_wconf 83' lang='lat' dir='ltr'><strong>penitus</strong></span> <span class='ocrx_word' id='word_1_70' title='bbox 1816 1506 1968 1563; x_wconf 86' lang='lat' dir='ltr'><strong>quae</strong></span> <span class='ocrx_word' id='word_1_71' title='bbox 2013 1497 2134 1547; x_wconf 88' lang='lat' dir='ltr'><strong>tota</strong></span> <span class='ocrx_word' id='word_1_72' title='bbox 2180 1497 2376 1548; x_wconf 90' lang='lat' dir='ltr'><strong>mente</strong></span> <span class='ocrx_word' id='word_1_73' title='bbox 2421 1489 2710 1547; x_wconf 86' lang='lat' dir='ltr'><strong>laborant.</strong></span> 
     </span>
     <span class='ocr_line' id='line_1_12' title="bbox 1091 1576 2421 1645; baseline -0.001 -12"><span class='ocrx_word' id='word_1_74' title='bbox 1091 1577 1206 1634; x_wconf 88' lang='lat' dir='ltr'><strong>Nos</strong></span> <span class='ocrx_word' id='word_1_75' title='bbox 1251 1576 1366 1632; x_wconf 93' lang='lat' dir='ltr'><strong>alio</strong></span> <span class='ocrx_word' id='word_1_76' title='bbox 1413 1580 1657 1645; x_wconf 85' lang='lat' dir='ltr'><strong>mentes,</strong></span> <span class='ocrx_word' id='word_1_77' title='bbox 1707 1577 1823 1634; x_wconf 89' lang='lat' dir='ltr'><strong>alio</strong></span> <span class='ocrx_word' id='word_1_78' title='bbox 1872 1576 2174 1634; x_wconf 87' lang='lat' dir='ltr'><strong>divisimus</strong></span> <span class='ocrx_word' id='word_1_79' title='bbox 2220 1592 2421 1633; x_wconf 85' lang='lat' dir='ltr'><strong>aures:</strong></span> 
     </span>
     <span class='ocr_line' id='line_1_13' title="bbox 1094 1660 2592 1734; baseline -0.002 -16"><span class='ocrx_word' id='word_1_80' title='bbox 1094 1663 1225 1718; x_wconf 90' lang='lat' dir='ltr'><strong>lure</strong></span> <span class='ocrx_word' id='word_1_81' title='bbox 1270 1661 1446 1734; x_wconf 81' lang='lat' dir='ltr'><strong>igitur</strong></span> <span class='ocrx_word' id='word_1_82' title='bbox 1493 1660 1827 1720; x_wconf 87' lang='lat' dir='ltr'><strong>vincemur:</strong></span> <span class='ocrx_word' id='word_1_83' title='bbox 1872 1668 2030 1718; x_wconf 90' lang='lat' dir='ltr'><strong>amat</strong></span> <span class='ocrx_word' id='word_1_84' title='bbox 2077 1662 2322 1719; x_wconf 87' lang='lat' dir='ltr'><strong>victoria</strong></span> <span class='ocrx_word' id='word_1_85' title='bbox 2370 1675 2592 1719; x_wconf 88' lang='lat' dir='ltr'><strong>curam.</strong></span> 
     </span>
    </p>

    <p class='ocr_par' dir='ltr' id='par_1_4' title="bbox 1016 1746 2744 1993">
     <span class='ocr_line' id='line_1_14' title="bbox 1016 1746 2711 1816; baseline 0.002 -18"><span class='ocrx_word' id='word_1_86' title='bbox 1016 1761 1064 1799; x_wconf 90' lang='lat'><strong>15</strong></span> <span class='ocrx_word' id='word_1_87' title='bbox 1093 1748 1288 1816; x_wconf 83' lang='lat' dir='ltr'><strong>Quare</strong></span> <span class='ocrx_word' id='word_1_88' title='bbox 1336 1761 1493 1803; x_wconf 91' lang='lat' dir='ltr'><strong>nunc</strong></span> <span class='ocrx_word' id='word_1_89' title='bbox 1539 1746 1767 1805; x_wconf 89' lang='lat' dir='ltr'><strong>animos</strong></span> <span class='ocrx_word' id='word_1_90' title='bbox 1812 1748 2018 1805; x_wconf 83' lang='lat' dir='ltr'><strong>saltem</strong></span> <span class='ocrx_word' id='word_1_91' title='bbox 2067 1747 2411 1805; x_wconf 80' lang='lat' dir='ltr'><strong>committite</strong></span> <span class='ocrx_word' id='word_1_92' title='bbox 2455 1752 2711 1804; x_wconf 86' lang='lat' dir='ltr'><strong>vestros:</strong></span> 
     </span>
     <span class='ocr_line' id='line_1_15' title="bbox 1096 1832 2668 1906; baseline -0.001 -16"><span class='ocrx_word' id='word_1_93' title='bbox 1096 1834 1298 1890; x_wconf 86' lang='lat' dir='ltr'><strong>Dicere</strong></span> <span class='ocrx_word' id='word_1_94' title='bbox 1344 1832 1458 1888; x_wconf 90' lang='lat' dir='ltr'><strong>iam</strong></span> <span class='ocrx_word' id='word_1_95' title='bbox 1504 1832 1802 1904; x_wconf 89' lang='lat' dir='ltr'><strong>incipient,</strong></span> <span class='ocrx_word' id='word_1_96' title='bbox 1849 1835 1965 1890; x_wconf 89' lang='lat' dir='ltr'><strong>iam</strong></span> <span class='ocrx_word' id='word_1_97' title='bbox 2012 1834 2373 1906; x_wconf 89' lang='lat' dir='ltr'><strong>respondere</strong></span> <span class='ocrx_word' id='word_1_98' title='bbox 2420 1832 2668 1890; x_wconf 85' lang='lat' dir='ltr'><strong>decebit.</strong></span> 
     </span>
     <span class='ocr_line' id='line_1_16' title="bbox 1096 1913 2744 1993; baseline 0.001 -18"><span class='ocrx_word' id='word_1_99' title='bbox 1096 1920 1319 1992; x_wconf 81' lang='lat' dir='ltr'><strong>Hymen</strong></span> <span class='ocrx_word' id='word_1_100' title='bbox 1366 1933 1400 1974; x_wconf 98' lang='lat' dir='ltr'><strong>o</strong></span> <span class='ocrx_word' id='word_1_101' title='bbox 1446 1917 1801 1991; x_wconf 88' lang='lat' dir='ltr'><strong>Hymenaee,</strong></span> <span class='ocrx_word' id='word_1_102' title='bbox 1849 1920 2074 1993; x_wconf 88' lang='lat' dir='ltr'><strong>Hymen</strong></span> <span class='ocrx_word' id='word_1_103' title='bbox 2122 1913 2267 1978; x_wconf 87' lang='lat' dir='ltr'><strong>ades</strong></span> <span class='ocrx_word' id='word_1_104' title='bbox 2311 1934 2345 1975; x_wconf 95' lang='lat' dir='ltr'><strong>o</strong></span> <span class='ocrx_word' id='word_1_105' title='bbox 2392 1919 2744 1987; x_wconf 85' lang='lat' dir='ltr'><strong>Hymenaee.</strong></span> 
     </span>
    </p>

    <p class='ocr_par' dir='ltr' id='par_1_5' title="bbox 1096 1999 2635 2165">
     <span class='ocr_line' id='line_1_17' title="bbox 1181 1999 2635 2077; baseline 0 -17"><span class='ocrx_word' id='word_1_106' title='bbox 1181 2004 1455 2077; x_wconf 88' lang='lat' dir='ltr'><strong>Hespere,</strong></span> <span class='ocrx_word' id='word_1_107' title='bbox 1504 2005 1604 2076; x_wconf 88' lang='lat' dir='ltr'><strong>qui</strong></span> <span class='ocrx_word' id='word_1_108' title='bbox 1652 2006 1817 2063; x_wconf 89' lang='lat' dir='ltr'><strong>caelo</strong></span> <span class='ocrx_word' id='word_1_109' title='bbox 1866 2006 2052 2063; x_wconf 83' lang='lat' dir='ltr'><strong>fertur</strong></span> <span class='ocrx_word' id='word_1_110' title='bbox 2096 2005 2393 2063; x_wconf 87' lang='lat' dir='ltr'><strong>crudelior</strong></span> <span class='ocrx_word' id='word_1_111' title='bbox 2436 1999 2635 2077; x_wconf 82' lang='lat' dir='ltr'><strong>ignis?</strong></span> 
     </span>
     <span class='ocr_line' id='line_1_18' title="bbox 1096 2089 2590 2165; baseline 0.001 -20"><span class='ocrx_word' id='word_1_112' title='bbox 1096 2090 1207 2158; x_wconf 86' lang='lat' dir='ltr'><strong>Qui</strong></span> <span class='ocrx_word' id='word_1_113' title='bbox 1253 2095 1450 2146; x_wconf 88' lang='lat' dir='ltr'><strong>natam</strong></span> <span class='ocrx_word' id='word_1_114' title='bbox 1497 2091 1688 2162; x_wconf 89' lang='lat' dir='ltr'><strong>possis</strong></span> <span class='ocrx_word' id='word_1_115' title='bbox 1733 2092 2024 2165; x_wconf 84' lang='lat' dir='ltr'><strong>conplexu</strong></span> <span class='ocrx_word' id='word_1_116' title='bbox 2073 2091 2324 2150; x_wconf 88' lang='lat' dir='ltr'><strong>avellere</strong></span> <span class='ocrx_word' id='word_1_117' title='bbox 2369 2089 2590 2160; x_wconf 82' lang='lat' dir='ltr'><strong>matriS,</strong></span> 
     </span>
    </p>

    <p class='ocr_par' dir='ltr' id='par_1_6' title="bbox 1015 2176 2606 2333">
     <span class='ocr_line' id='line_1_19' title="bbox 1015 2176 2606 2249; baseline -0.002 -16"><span class='ocrx_word' id='word_1_118' title='bbox 1015 2181 1069 2226; x_wconf 83' lang='lat'><strong>20</strong></span> <span class='ocrx_word' id='word_1_119' title='bbox 1097 2176 1401 2249; x_wconf 86' lang='lat' dir='ltr'><strong>Conplexu</strong></span> <span class='ocrx_word' id='word_1_120' title='bbox 1445 2176 1647 2233; x_wconf 87' lang='lat' dir='ltr'><strong>matris</strong></span> <span class='ocrx_word' id='word_1_121' title='bbox 1695 2178 2041 2234; x_wconf 88' lang='lat' dir='ltr'><strong>retinentem</strong></span> <span class='ocrx_word' id='word_1_122' title='bbox 2090 2177 2343 2235; x_wconf 87' lang='lat' dir='ltr'><strong>avellere</strong></span> <span class='ocrx_word' id='word_1_123' title='bbox 2388 2181 2606 2245; x_wconf 88' lang='lat' dir='ltr'><strong>natam,</strong></span> 
     </span>
     <span class='ocr_line' id='line_1_20' title="bbox 1100 2261 2539 2333; baseline -0.001 -15"><span class='ocrx_word' id='word_1_124' title='bbox 1100 2263 1169 2318; x_wconf 87' lang='lat' dir='ltr'><strong>Et</strong></span> <span class='ocrx_word' id='word_1_125' title='bbox 1213 2261 1406 2318; x_wconf 91' lang='lat' dir='ltr'><strong>iuveni</strong></span> <span class='ocrx_word' id='word_1_126' title='bbox 1455 2261 1686 2317; x_wconf 86' lang='lat' dir='ltr'><strong>ardenti</strong></span> <span class='ocrx_word' id='word_1_127' title='bbox 1731 2268 1949 2318; x_wconf 86' lang='lat' dir='ltr'><strong>castam</strong></span> <span class='ocrx_word' id='word_1_128' title='bbox 1999 2261 2221 2318; x_wconf 88' lang='lat' dir='ltr'><strong>donare</strong></span> <span class='ocrx_word' id='word_1_129' title='bbox 2267 2261 2539 2333; x_wconf 88' lang='lat' dir='ltr'><strong>puellam.</strong></span> 
     </span>
    </p>

    <p class='ocr_par' dir='ltr' id='par_1_7' title="bbox 1098 2339 2707 2590">
     <span class='ocr_line' id='line_1_21' title="bbox 1098 2339 2558 2418; baseline -0.001 -15"><span class='ocrx_word' id='word_1_130' title='bbox 1098 2346 1251 2414; x_wconf 84' lang='lat' dir='ltr'><strong>Quid</strong></span> <span class='ocrx_word' id='word_1_131' title='bbox 1297 2344 1519 2401; x_wconf 81' lang='lat' dir='ltr'><strong>faciunt</strong></span> <span class='ocrx_word' id='word_1_132' title='bbox 1560 2346 1763 2402; x_wconf 87' lang='lat' dir='ltr'><strong>hostes</strong></span> <span class='ocrx_word' id='word_1_133' title='bbox 1810 2353 1979 2418; x_wconf 88' lang='lat' dir='ltr'><strong>capta</strong></span> <span class='ocrx_word' id='word_1_134' title='bbox 2025 2345 2322 2403; x_wconf 88' lang='lat' dir='ltr'><strong>crudelius</strong></span> <span class='ocrx_word' id='word_1_135' title='bbox 2368 2339 2558 2403; x_wconf 83' lang='lat' dir='ltr'><strong>urbe?</strong></span> 
     </span>
     <span class='ocr_line' id='line_1_22' title="bbox 1098 2429 2707 2505; baseline 0.001 -17"><span class='ocrx_word' id='word_1_136' title='bbox 1098 2433 1323 2505; x_wconf 89' lang='lat' dir='ltr'><strong>Hymen</strong></span> <span class='ocrx_word' id='word_1_137' title='bbox 1367 2443 1403 2486; x_wconf 95' lang='lat' dir='ltr'><strong>o</strong></span> <span class='ocrx_word' id='word_1_138' title='bbox 1448 2429 1801 2502; x_wconf 86' lang='lat' dir='ltr'><strong>Hymenaee,</strong></span> <span class='ocrx_word' id='word_1_139' title='bbox 1848 2432 2073 2505; x_wconf 87' lang='lat' dir='ltr'><strong>Hymen</strong></span> <span class='ocrx_word' id='word_1_140' title='bbox 2122 2433 2263 2495; x_wconf 85' lang='lat' dir='ltr'><strong>ades</strong></span> <span class='ocrx_word' id='word_1_141' title='bbox 2309 2446 2343 2487; x_wconf 95' lang='lat' dir='ltr'><strong>o</strong></span> <span class='ocrx_word' id='word_1_142' title='bbox 2391 2431 2707 2505; x_wconf 85' lang='lat' dir='ltr'><strong>Hymenae.</strong></span> 
     </span>
     <span class='ocr_line' id='line_1_23' title="bbox 1182 2513 2617 2590; baseline 0 -17"><span class='ocrx_word' id='word_1_143' title='bbox 1182 2517 1460 2588; x_wconf 89' lang='lat' dir='ltr'><strong>Hespere,</strong></span> <span class='ocrx_word' id='word_1_144' title='bbox 1509 2515 1609 2586; x_wconf 88' lang='lat' dir='ltr'><strong>qui</strong></span> <span class='ocrx_word' id='word_1_145' title='bbox 1656 2517 1819 2574; x_wconf 89' lang='lat' dir='ltr'><strong>caelo</strong></span> <span class='ocrx_word' id='word_1_146' title='bbox 1867 2516 2024 2574; x_wconf 85' lang='lat' dir='ltr'><strong>lucet</strong></span> <span class='ocrx_word' id='word_1_147' title='bbox 2068 2517 2383 2575; x_wconf 85' lang='lat' dir='ltr'><strong>iucundior</strong></span> <span class='ocrx_word' id='word_1_148' title='bbox 2427 2513 2617 2590; x_wconf 82' lang='lat' dir='ltr'><strong>ignis?</strong></span> 
     </span>
    </p>

    <p class='ocr_par' dir='ltr' id='par_1_8' title="bbox 1016 2601 2535 2673">
     <span class='ocr_line' id='line_1_24' title="bbox 1016 2601 2535 2673; baseline 0.003 -19"><span class='ocrx_word' id='word_1_149' title='bbox 1016 2618 1067 2655; x_wconf 82' lang='lat'><strong>25</strong></span> <span class='ocrx_word' id='word_1_150' title='bbox 1096 2602 1204 2671; x_wconf 86' lang='lat' dir='ltr'><strong>Qui</strong></span> <span class='ocrx_word' id='word_1_151' title='bbox 1252 2602 1547 2673; x_wconf 86' lang='lat' dir='ltr'><strong>desponsa</strong></span> <span class='ocrx_word' id='word_1_152' title='bbox 1592 2607 1694 2658; x_wconf 87' lang='lat' dir='ltr'><strong>tua</strong></span> <span class='ocrx_word' id='word_1_153' title='bbox 1738 2602 1934 2659; x_wconf 86' lang='lat' dir='ltr'><strong>firmes</strong></span> <span class='ocrx_word' id='word_1_154' title='bbox 1981 2601 2237 2659; x_wconf 90' lang='lat' dir='ltr'><strong>conubia</strong></span> <span class='ocrx_word' id='word_1_155' title='bbox 2281 2601 2535 2671; x_wconf 88' lang='lat' dir='ltr'><strong>flamma,</strong></span> 
     </span>
    </p>

    <p class='ocr_par' dir='ltr' id='par_1_9' title="bbox 1014 2686 2741 3102">
     <span class='ocr_line' id='line_1_25' title="bbox 1099 2686 2672 2759; baseline 0 -16"><span class='ocrx_word' id='word_1_156' title='bbox 1099 2689 1262 2755; x_wconf 80' lang='lat' dir='ltr'><strong>Quae</strong></span> <span class='ocrx_word' id='word_1_157' title='bbox 1308 2686 1585 2759; x_wconf 81' lang='lat' dir='ltr'><strong>pepigere</strong></span> <span class='ocrx_word' id='word_1_158' title='bbox 1631 2687 1755 2757; x_wconf 85' lang='lat' dir='ltr'><strong>viri,</strong></span> <span class='ocrx_word' id='word_1_159' title='bbox 1803 2689 2155 2759; x_wconf 86' lang='lat' dir='ltr'><strong>pepigerunt</strong></span> <span class='ocrx_word' id='word_1_160' title='bbox 2199 2694 2335 2744; x_wconf 89' lang='lat' dir='ltr'><strong>ante</strong></span> <span class='ocrx_word' id='word_1_161' title='bbox 2379 2694 2672 2758; x_wconf 88' lang='lat' dir='ltr'><strong>parentes,</strong></span> 
     </span>
     <span class='ocr_line' id='line_1_26' title="bbox 1096 2771 2716 2850; baseline -0.002 -20"><span class='ocrx_word' id='word_1_162' title='bbox 1096 2773 1213 2830; x_wconf 91' lang='lat' dir='ltr'><strong>Nec</strong></span> <span class='ocrx_word' id='word_1_163' title='bbox 1259 2772 1502 2828; x_wconf 87' lang='lat' dir='ltr'><strong>iunxere</strong></span> <span class='ocrx_word' id='word_1_164' title='bbox 1548 2772 1710 2842; x_wconf 91' lang='lat' dir='ltr'><strong>prius</strong></span> <span class='ocrx_word' id='word_1_165' title='bbox 1760 2787 1935 2843; x_wconf 87' lang='lat' dir='ltr'><strong>quam</strong></span> <span class='ocrx_word' id='word_1_166' title='bbox 1981 2787 2045 2828; x_wconf 89' lang='lat' dir='ltr'><strong>se</strong></span> <span class='ocrx_word' id='word_1_167' title='bbox 2090 2778 2226 2850; x_wconf 79' lang='lat' dir='ltr'><strong>tuus</strong></span> <span class='ocrx_word' id='word_1_168' title='bbox 2273 2771 2478 2829; x_wconf 87' lang='lat' dir='ltr'><strong>extulit</strong></span> <span class='ocrx_word' id='word_1_169' title='bbox 2522 2772 2716 2828; x_wconf 87' lang='lat' dir='ltr'><strong>ardor.</strong></span> 
     </span>
     <span class='ocr_line' id='line_1_27' title="bbox 1101 2849 2474 2930; baseline -0.003 -16"><span class='ocrx_word' id='word_1_170' title='bbox 1101 2858 1254 2925; x_wconf 80' lang='lat' dir='ltr'><strong>Quid</strong></span> <span class='ocrx_word' id='word_1_171' title='bbox 1301 2858 1474 2913; x_wconf 88' lang='lat' dir='ltr'><strong>datur</strong></span> <span class='ocrx_word' id='word_1_172' title='bbox 1517 2872 1551 2911; x_wconf 90' lang='lat' dir='ltr'><strong>a</strong></span> <span class='ocrx_word' id='word_1_173' title='bbox 1597 2853 1942 2914; x_wconf 73' lang='lat' dir='ltr'><strong>divis&#39;felici</strong></span> <span class='ocrx_word' id='word_1_174' title='bbox 1990 2856 2245 2930; x_wconf 86' lang='lat' dir='ltr'><strong>optatius</strong></span> <span class='ocrx_word' id='word_1_175' title='bbox 2291 2849 2474 2913; x_wconf 79' lang='lat' dir='ltr'><strong>hora?</strong></span> 
     </span>
     <span class='ocr_line' id='line_1_28' title="bbox 1100 2941 2741 3017; baseline -0.001 -16"><span class='ocrx_word' id='word_1_176' title='bbox 1100 2943 1323 3017; x_wconf 87' lang='lat' dir='ltr'><strong>Hymen</strong></span> <span class='ocrx_word' id='word_1_177' title='bbox 1372 2956 1406 2998; x_wconf 95' lang='lat' dir='ltr'><strong>o</strong></span> <span class='ocrx_word' id='word_1_178' title='bbox 1451 2941 1805 3017; x_wconf 87' lang='lat' dir='ltr'><strong>Hymenaee,</strong></span> <span class='ocrx_word' id='word_1_179' title='bbox 1851 2943 2077 3016; x_wconf 90' lang='lat' dir='ltr'><strong>Hymen</strong></span> <span class='ocrx_word' id='word_1_180' title='bbox 2123 2942 2264 3000; x_wconf 91' lang='lat' dir='ltr'><strong>ades</strong></span> <span class='ocrx_word' id='word_1_181' title='bbox 2310 2956 2343 2999; x_wconf 93' lang='grc' dir='ltr'>ο</span> <span class='ocrx_word' id='word_1_182' title='bbox 2389 2941 2741 3015; x_wconf 90' lang='lat' dir='ltr'><strong>Hymenaee.</strong></span> 
     </span>
     <span class='ocr_line' id='line_1_29' title="bbox 1014 3028 2662 3102; baseline 0.004 -21"><span class='ocrx_word' id='word_1_183' title='bbox 1014 3041 1068 3081; x_wconf 81' lang='lat'><strong>30</strong></span> <span class='ocrx_word' id='word_1_184' title='bbox 1180 3028 1475 3100; x_wconf 88' lang='lat' dir='ltr'><strong>Hesperus</strong></span> <span class='ocrx_word' id='word_1_185' title='bbox 1521 3044 1552 3086; x_wconf 93' lang='lat' dir='ltr'><strong>e</strong></span> <span class='ocrx_word' id='word_1_186' title='bbox 1599 3029 1788 3101; x_wconf 82' lang='lat' dir='ltr'><strong>nobiS‚</strong></span> <span class='ocrx_word' id='word_1_187' title='bbox 1837 3029 2135 3102; x_wconf 82' lang='lat' dir='ltr'><strong>aequaleS,</strong></span> <span class='ocrx_word' id='word_1_188' title='bbox 2182 3028 2422 3087; x_wconf 89' lang='lat' dir='ltr'><strong>abstulit</strong></span> <span class='ocrx_word' id='word_1_189' title='bbox 2464 3042 2662 3088; x_wconf 87' lang='lat' dir='ltr'><strong>unam.</strong></span> 
     </span>
    </p>
   </div>
   <div class='ocr_carea' id='block_1_3' title="bbox 1971 3159 2006 3195">
    <p class='ocr_par' dir='ltr' id='par_1_10' title="bbox 1971 3159 2006 3195">
     <span class='ocr_line' id='line_1_30' title="bbox 1971 3159 2006 3195; baseline 0 -3"><span class='ocrx_word' id='word_1_190' title='bbox 1971 3159 2006 3195; x_wconf 71' lang='grc' dir='ltr'><strong>«Ι</strong></span> 
     </span>
    </p>
   </div>
   <div class='ocr_carea' id='block_1_4' title="bbox 925 3278 3045 4266">
    <p class='ocr_par' dir='ltr' id='par_1_11' title="bbox 1068 3278 3041 3348">
     <span class='ocr_line' id='line_1_31' title="bbox 1068 3278 3041 3348; baseline 0.001 -13"><span class='ocrx_word' id='word_1_191' title='bbox 1068 3281 1154 3345; x_wconf 84' lang='grc'><strong>37,</strong></span> <span class='ocrx_word' id='word_1_192' title='bbox 1190 3292 1231 3335; x_wconf 83' lang='grc'><em>4.</em></span> <span class='ocrx_word' id='word_1_193' title='bbox 1259 3278 1518 3348; x_wconf 80' lang='lat' dir='ltr'><strong>consurgi</strong></span> <span class='ocrx_word' id='word_1_194' title='bbox 1545 3283 1764 3333; x_wconf 87' lang='lat' dir='ltr'><strong>eretera</strong></span> <span class='ocrx_word' id='word_1_195' title='bbox 1794 3281 1854 3332; x_wconf 92' lang='lat' dir='ltr'><strong>T.</strong></span> <span class='ocrx_word' id='word_1_196' title='bbox 1997 3293 2035 3335; x_wconf 98' lang='lat'><strong>5.</strong></span> <span class='ocrx_word' id='word_1_197' title='bbox 2079 3281 2210 3333; x_wconf 84' lang='lat' dir='ltr'><strong>oeta</strong></span> <span class='ocrx_word' id='word_1_198' title='bbox 2234 3294 2334 3333; x_wconf 80' lang='lat' dir='ltr'><strong>eoa</strong></span> <span class='ocrx_word' id='word_1_199' title='bbox 2364 3280 2431 3331; x_wconf 83' lang='lat' dir='ltr'><strong>T.-</strong></span> <span class='ocrx_word' id='word_1_200' title='bbox 2469 3280 2577 3333; x_wconf 88' lang='lat' dir='ltr'><strong>hoc</strong></span> <span class='ocrx_word' id='word_1_201' title='bbox 2603 3295 2703 3334; x_wconf 82' lang='lat' dir='ltr'><strong>eos</strong></span> <span class='ocrx_word' id='word_1_202' title='bbox 2730 3280 2850 3335; x_wconf 90' lang='lat' dir='ltr'><strong>DL.</strong></span> <span class='ocrx_word' id='word_1_203' title='bbox 2888 3283 3041 3336; x_wconf 85' lang='lat' dir='ltr'><strong>Eoos</strong></span> 
     </span>
    </p>

    <p class='ocr_par' dir='ltr' id='par_1_12' title="bbox 925 3349 3043 4052">
     <span class='ocr_line' id='line_1_32' title="bbox 928 3349 3042 3422; baseline 0 -17"><span class='ocrx_word' id='word_1_204' title='bbox 928 3353 1080 3405; x_wconf 82' lang='lat' dir='ltr'><strong>Itali.</strong></span> <span class='ocrx_word' id='word_1_205' title='bbox 1154 3350 1360 3404; x_wconf 83' lang='lat' dir='ltr'><strong>imbres</strong></span> <span class='ocrx_word' id='word_1_206' title='bbox 1405 3353 1462 3413; x_wconf 86' lang='grc' dir='ltr'><strong>Τ,</strong></span> <span class='ocrx_word' id='word_1_207' title='bbox 1510 3349 1688 3403; x_wconf 86' lang='lat' dir='ltr'><strong>imber</strong></span> <span class='ocrx_word' id='word_1_208' title='bbox 1735 3349 1852 3403; x_wconf 92' lang='lat' dir='ltr'><strong>DL.</strong></span> <span class='ocrx_word' id='word_1_209' title='bbox 1995 3362 2035 3401; x_wconf 92' lang='lat'><strong>6.</strong></span> <span class='ocrx_word' id='word_1_210' title='bbox 2075 3350 2315 3404; x_wconf 71' lang='lat' dir='ltr'><strong>certesl.</strong></span> <span class='ocrx_word' id='word_1_211' title='bbox 2360 3351 2418 3415; x_wconf 91' lang='lat' dir='ltr'><strong>T,</strong></span> <span class='ocrx_word' id='word_1_212' title='bbox 2468 3354 2619 3404; x_wconf 88' lang='lat' dir='ltr'><strong>certe</strong></span> <span class='ocrx_word' id='word_1_213' title='bbox 2658 3352 2775 3407; x_wconf 92' lang='lat' dir='ltr'><strong>DL.</strong></span> <span class='ocrx_word' id='word_1_214' title='bbox 2916 3369 3042 3422; x_wconf 86' lang='lat' dir='ltr'><strong>per-</strong></span> 
     </span>
     <span class='ocr_line' id='line_1_33' title="bbox 927 3420 3042 3491; baseline -0.001 -15"><span class='ocrx_word' id='word_1_215' title='bbox 927 3424 1128 3476; x_wconf 85' lang='lat' dir='ltr'><strong>nicitor</strong></span> <span class='ocrx_word' id='word_1_216' title='bbox 1167 3422 1431 3474; x_wconf 86' lang='lat' dir='ltr'><strong>exilluere</strong></span> <span class='ocrx_word' id='word_1_217' title='bbox 1469 3422 1538 3471; x_wconf 88' lang='lat' dir='ltr'><strong>D.</strong></span> <span class='ocrx_word' id='word_1_218' title='bbox 1685 3433 1721 3472; x_wconf 81' lang='grc'><em>7.</em></span> <span class='ocrx_word' id='word_1_219' title='bbox 1763 3420 1910 3489; x_wconf 90' lang='lat' dir='ltr'><strong>quod</strong></span> <span class='ocrx_word' id='word_1_220' title='bbox 1956 3420 2013 3475; x_wconf 90' lang='lat' dir='ltr'><strong>T.</strong></span> <span class='ocrx_word' id='word_1_221' title='bbox 2122 3422 2348 3477; x_wconf 75' lang='lat' dir='ltr'><strong>fortasse</strong></span> <span class='ocrx_word' id='word_1_222' title='bbox 2386 3421 2587 3474; x_wconf 83' lang='lat' dir='ltr'><strong>sidere.</strong></span> <span class='ocrx_word' id='word_1_223' title='bbox 2707 3438 2810 3491; x_wconf 89' lang='lat' dir='ltr'><strong>par</strong></span> <span class='ocrx_word' id='word_1_224' title='bbox 2846 3427 2935 3476; x_wconf 84' lang='lat' dir='ltr'><strong>est</strong></span> <span class='ocrx_word' id='word_1_225' title='bbox 2975 3424 3042 3474; x_wconf 85' lang='lat' dir='ltr'><strong>T.-</strong></span> 
     </span>
     <span class='ocr_line' id='line_1_34' title="bbox 927 3490 3041 3562; baseline -0 -16"><span class='ocrx_word' id='word_1_226' title='bbox 927 3496 1128 3562; x_wconf 88' lang='lat' dir='ltr'><strong>parent</strong></span> <span class='ocrx_word' id='word_1_227' title='bbox 1155 3493 1272 3546; x_wconf 90' lang='lat' dir='ltr'><strong>DL.</strong></span> <span class='ocrx_word' id='word_1_228' title='bbox 1415 3503 1456 3540; x_wconf 85' lang='lat'><strong>8.</strong></span> <span class='ocrx_word' id='word_1_229' title='bbox 1494 3491 1747 3559; x_wconf 87' lang='lat' dir='ltr'><strong>Hymene</strong></span> <span class='ocrx_word' id='word_1_230' title='bbox 1776 3493 1877 3557; x_wconf 71' lang='lat' dir='ltr'><strong>(sic</strong></span> <span class='ocrx_word' id='word_1_231' title='bbox 1895 3491 1990 3557; x_wconf 78' lang='lat' dir='ltr'><strong>pr)</strong></span> <span class='ocrx_word' id='word_1_232' title='bbox 2028 3490 2329 3557; x_wconf 87' lang='lat' dir='ltr'><strong>hymeneae</strong></span> <span class='ocrx_word' id='word_1_233' title='bbox 2355 3491 2659 3558; x_wconf 87' lang='lat' dir='ltr'><strong>hymeneae</strong></span> <span class='ocrx_word' id='word_1_234' title='bbox 2692 3493 2751 3543; x_wconf 91' lang='lat' dir='ltr'><strong>T.</strong></span> <span class='ocrx_word' id='word_1_235' title='bbox 2895 3506 2933 3543; x_wconf 91' lang='lat'><strong>9.</strong></span> <span class='ocrx_word' id='word_1_236' title='bbox 2962 3493 3041 3545; x_wconf 86' lang='lat' dir='ltr'><strong>fa-</strong></span> 
     </span>
     <span class='ocr_line' id='line_1_35' title="bbox 928 3560 3040 3632; baseline -0.001 -16"><span class='ocrx_word' id='word_1_237' title='bbox 928 3563 1033 3616; x_wconf 88' lang='lat' dir='ltr'><strong>cile</strong></span> <span class='ocrx_word' id='word_1_238' title='bbox 1059 3581 1179 3614; x_wconf 80' lang='lat' dir='ltr'><strong>corr</strong></span> <span class='ocrx_word' id='word_1_239' title='bbox 1207 3561 1270 3612; x_wconf 90' lang='lat' dir='ltr'><strong>L.</strong></span> <span class='ocrx_word' id='word_1_240' title='bbox 1416 3560 1620 3613; x_wconf 81' lang='lat' dir='ltr'><strong>nobilis</strong></span> <span class='ocrx_word' id='word_1_241' title='bbox 1655 3561 1712 3613; x_wconf 92' lang='lat' dir='ltr'><strong>T.</strong></span> <span class='ocrx_word' id='word_1_242' title='bbox 1823 3560 2073 3630; x_wconf 81' lang='lat' dir='ltr'><strong>aequalis</strong></span> <span class='ocrx_word' id='word_1_243' title='bbox 2100 3561 2269 3614; x_wconf 92' lang='lat' dir='ltr'><strong>DLT.</strong></span> <span class='ocrx_word' id='word_1_244' title='bbox 2413 3575 2474 3612; x_wconf 91' lang='lat'><strong>10.</strong></span> <span class='ocrx_word' id='word_1_245' title='bbox 2510 3563 2885 3632; x_wconf 83' lang='lat' dir='ltr'><strong>innuptaeque</strong></span> <span class='ocrx_word' id='word_1_246' title='bbox 2922 3561 3040 3613; x_wconf 91' lang='lat' dir='ltr'><strong>DL.</strong></span> 
     </span>
     <span class='ocr_line' id='line_1_36' title="bbox 962 3630 3041 3701; baseline -0 -17"><span class='ocrx_word' id='word_1_247' title='bbox 962 3632 1237 3685; x_wconf 87' lang='lat' dir='ltr'><strong>meditata.</strong></span> <span class='ocrx_word' id='word_1_248' title='bbox 1255 3630 1544 3699; x_wconf 88' lang='lat' dir='ltr'><strong>requirunt</strong></span> <span class='ocrx_word' id='word_1_249' title='bbox 1569 3631 1635 3681; x_wconf 86' lang='lat' dir='ltr'><strong>T.-</strong></span> <span class='ocrx_word' id='word_1_250' title='bbox 1662 3630 1933 3685; x_wconf 87' lang='lat' dir='ltr'><strong>meditata</strong></span> <span class='ocrx_word' id='word_1_251' title='bbox 1952 3636 2285 3701; x_wconf 88' lang='lat' dir='ltr'><strong>requaerunt</strong></span> <span class='ocrx_word' id='word_1_252' title='bbox 2303 3634 2373 3697; x_wconf 93' lang='lat' dir='ltr'><strong>D,</strong></span> <span class='ocrx_word' id='word_1_253' title='bbox 2391 3633 2663 3686; x_wconf 87' lang='lat' dir='ltr'><strong>meditare</strong></span> <span class='ocrx_word' id='word_1_254' title='bbox 2687 3637 2959 3701; x_wconf 89' lang='lat' dir='ltr'><strong>quaerunt</strong></span> <span class='ocrx_word' id='word_1_255' title='bbox 2978 3634 3041 3698; x_wconf 89' lang='lat' dir='ltr'><strong>L,</strong></span> 
     </span>
     <span class='ocr_line' id='line_1_37' title="bbox 926 3701 2971 3771; baseline 0.002 -16"><span class='ocrx_word' id='word_1_256' title='bbox 926 3702 1282 3756; x_wconf 84' lang='lat' dir='ltr'><strong>meditamine</strong></span> <span class='ocrx_word' id='word_1_257' title='bbox 1322 3704 1594 3769; x_wconf 85' lang='lat' dir='ltr'><strong>quaerunt</strong></span> <span class='ocrx_word' id='word_1_258' title='bbox 1617 3703 1907 3755; x_wconf 78' lang='lat' dir='ltr'><strong>Parisinus</strong></span> <span class='ocrx_word' id='word_1_259' title='bbox 1938 3711 2088 3754; x_wconf 84' lang='lat'><strong>7989.</strong></span> <span class='ocrx_word' id='word_1_260' title='bbox 2127 3701 2485 3756; x_wconf 84' lang='lat' dir='ltr'><strong>meditamina</strong></span> <span class='ocrx_word' id='word_1_261' title='bbox 2524 3708 2795 3771; x_wconf 89' lang='lat' dir='ltr'><strong>quaerunt</strong></span> <span class='ocrx_word' id='word_1_262' title='bbox 2821 3701 2971 3759; x_wconf 82' lang='lat' dir='ltr'><strong>Itali.</strong></span> 
     </span>
     <span class='ocr_line' id='line_1_38' title="bbox 925 3770 3043 3840; baseline 0.001 -17"><span class='ocrx_word' id='word_1_263' title='bbox 925 3786 990 3823; x_wconf 89' lang='lat'><strong>11.</strong></span> <span class='ocrx_word' id='word_1_264' title='bbox 1029 3787 1272 3825; x_wconf 87' lang='lat' dir='ltr'><strong>memora</strong></span> <span class='ocrx_word' id='word_1_265' title='bbox 1308 3770 1453 3840; x_wconf 84' lang='lat' dir='ltr'><strong>psile</strong></span> <span class='ocrx_word' id='word_1_266' title='bbox 1498 3772 1557 3826; x_wconf 92' lang='lat' dir='ltr'><strong>T.</strong></span> <span class='ocrx_word' id='word_1_267' title='bbox 1673 3783 1735 3826; x_wconf 89' lang='lat'><strong>12.</strong></span> <span class='ocrx_word' id='word_1_268' title='bbox 1775 3775 1929 3826; x_wconf 77' lang='lat' dir='ltr'><strong>habet</strong></span> <span class='ocrx_word' id='word_1_269' title='bbox 1964 3773 2110 3825; x_wconf 74' lang='lat' dir='ltr'><strong>solus</strong></span> <span class='ocrx_word' id='word_1_270' title='bbox 2154 3772 2211 3823; x_wconf 88' lang='lat' dir='ltr'><strong>T.</strong></span> <span class='ocrx_word' id='word_1_271' title='bbox 2339 3786 2399 3823; x_wconf 88' lang='lat'><strong>13.</strong></span> <span class='ocrx_word' id='word_1_272' title='bbox 2438 3772 2570 3827; x_wconf 92' lang='lat' dir='ltr'><strong>Non</strong></span> <span class='ocrx_word' id='word_1_273' title='bbox 2613 3774 2668 3823; x_wconf 90' lang='lat' dir='ltr'><strong>T.</strong></span> <span class='ocrx_word' id='word_1_274' title='bbox 2797 3785 2857 3825; x_wconf 88' lang='lat'><strong>15.</strong></span> <span class='ocrx_word' id='word_1_275' title='bbox 2898 3788 3043 3826; x_wconf 89' lang='lat' dir='ltr'><strong>nunc</strong></span> 
     </span>
     <span class='ocr_line' id='line_1_39' title="bbox 932 3840 2969 3913; baseline 0.002 -20"><span class='ocrx_word' id='word_1_276' title='bbox 932 3844 1002 3896; x_wconf 88' lang='lat' dir='ltr'><strong>T.-</strong></span> <span class='ocrx_word' id='word_1_277' title='bbox 1040 3859 1149 3896; x_wconf 89' lang='lat' dir='ltr'><strong>non</strong></span> <span class='ocrx_word' id='word_1_278' title='bbox 1185 3840 1307 3894; x_wconf 89' lang='lat' dir='ltr'><strong>DL.</strong></span> <span class='ocrx_word' id='word_1_279' title='bbox 1451 3841 1592 3896; x_wconf 81' lang='lat' dir='ltr'><strong>alios</strong></span> <span class='ocrx_word' id='word_1_280' title='bbox 1632 3842 1702 3897; x_wconf 92' lang='lat' dir='ltr'><strong>D.</strong></span> <span class='ocrx_word' id='word_1_281' title='bbox 1846 3843 2155 3897; x_wconf 88' lang='lat' dir='ltr'><strong>convertite</strong></span> <span class='ocrx_word' id='word_1_282' title='bbox 2199 3844 2256 3893; x_wconf 94' lang='lat' dir='ltr'><strong>T.</strong></span> <span class='ocrx_word' id='word_1_283' title='bbox 2399 3856 2461 3893; x_wconf 88' lang='lat'><strong>16.</strong></span> <span class='ocrx_word' id='word_1_284' title='bbox 2498 3843 2773 3913; x_wconf 84' lang='lat' dir='ltr'><strong>incipiant</strong></span> <span class='ocrx_word' id='word_1_285' title='bbox 2802 3862 2871 3909; x_wconf 81' lang='lat' dir='ltr'><strong>pr</strong></span> <span class='ocrx_word' id='word_1_286' title='bbox 2913 3845 2969 3897; x_wconf 94' lang='lat' dir='ltr'><strong>T.</strong></span> 
     </span>
     <span class='ocr_line' id='line_1_40' title="bbox 925 3912 2935 3983; baseline 0.003 -20"><span class='ocrx_word' id='word_1_287' title='bbox 925 3926 987 3965; x_wconf 89' lang='lat'><strong>18.</strong></span> <span class='ocrx_word' id='word_1_288' title='bbox 1027 3914 1152 3983; x_wconf 83' lang='lat' dir='ltr'><strong>quis</strong></span> <span class='ocrx_word' id='word_1_289' title='bbox 1197 3913 1254 3962; x_wconf 92' lang='lat' dir='ltr'><strong>T.</strong></span> <span class='ocrx_word' id='word_1_290' title='bbox 1398 3913 1597 3980; x_wconf 86' lang='lat' dir='ltr'><strong>potuit,</strong></span> <span class='ocrx_word' id='word_1_291' title='bbox 1642 3913 1717 3964; x_wconf 85' lang='lat' dir='ltr'><strong>al.</strong></span> <span class='ocrx_word' id='word_1_292' title='bbox 1755 3912 1928 3966; x_wconf 85' lang='lat' dir='ltr'><strong>fertur</strong></span> <span class='ocrx_word' id='word_1_293' title='bbox 1964 3914 2027 3963; x_wconf 89' lang='lat' dir='ltr'><strong>L.</strong></span> <span class='ocrx_word' id='word_1_294' title='bbox 2170 3925 2231 3963; x_wconf 91' lang='lat'><strong>19.</strong></span> <span class='ocrx_word' id='word_1_295' title='bbox 2272 3914 2585 3983; x_wconf 82' lang='lat' dir='ltr'><strong>conplexua</strong></span> <span class='ocrx_word' id='word_1_296' title='bbox 2629 3913 2835 3967; x_wconf 86' lang='lat' dir='ltr'><strong>vellere</strong></span> <span class='ocrx_word' id='word_1_297' title='bbox 2879 3914 2935 3970; x_wconf 95' lang='lat' dir='ltr'><strong>T.</strong></span> 
     </span>
     <span class='ocr_line' id='line_1_41' title="bbox 925 3982 3040 4052; baseline -0 -17"><span class='ocrx_word' id='word_1_298' title='bbox 925 3997 988 4041; x_wconf 87' lang='lat'><strong>20.</strong></span> <span class='ocrx_word' id='word_1_299' title='bbox 1028 3983 1206 4038; x_wconf 85' lang='lat' dir='ltr'><strong>avelle</strong></span> <span class='ocrx_word' id='word_1_300' title='bbox 1261 3983 1318 4035; x_wconf 93' lang='lat' dir='ltr'><strong>T.</strong></span> <span class='ocrx_word' id='word_1_301' title='bbox 1470 3995 1533 4033; x_wconf 91' lang='lat'><strong>22.</strong></span> <span class='ocrx_word' id='word_1_302' title='bbox 1573 3982 1853 4037; x_wconf 86' lang='lat' dir='ltr'><strong>credelius</strong></span> <span class='ocrx_word' id='word_1_303' title='bbox 1901 3984 1957 4033; x_wconf 91' lang='lat' dir='ltr'><strong>T.</strong></span> <span class='ocrx_word' id='word_1_304' title='bbox 2112 3995 2175 4038; x_wconf 83' lang='lat'><strong>24.</strong></span> <span class='ocrx_word' id='word_1_305' title='bbox 2215 3983 2339 4052; x_wconf 82' lang='lat' dir='ltr'><strong>quis</strong></span> <span class='ocrx_word' id='word_1_306' title='bbox 2384 3985 2441 4040; x_wconf 91' lang='lat' dir='ltr'><strong>T.</strong></span> <span class='ocrx_word' id='word_1_307' title='bbox 2594 3982 2888 4037; x_wconf 87' lang='lat' dir='ltr'><strong>iocundior</strong></span> <span class='ocrx_word' id='word_1_308' title='bbox 2923 3986 3040 4040; x_wconf 89' lang='lat' dir='ltr'><strong>DL.</strong></span> 
     </span>
    </p>

    <p class='ocr_par' dir='ltr' id='par_1_13' title="bbox 925 4053 3045 4266">
     <span class='ocr_line' id='line_1_42' title="bbox 996 4053 3045 4120; baseline 0.002 -15"><span class='ocrx_word' id='word_1_309' title='bbox 996 4068 1059 4105; x_wconf 90' lang='lat'><strong>25.</strong></span> <span class='ocrx_word' id='word_1_310' title='bbox 1097 4053 1236 4107; x_wconf 85' lang='lat' dir='ltr'><strong>fines</strong></span> <span class='ocrx_word' id='word_1_311' title='bbox 1280 4054 1335 4103; x_wconf 93' lang='lat' dir='ltr'><strong>T.</strong></span> <span class='ocrx_word' id='word_1_312' title='bbox 1481 4054 1760 4106; x_wconf 87' lang='lat' dir='ltr'><strong>connubia</strong></span> <span class='ocrx_word' id='word_1_313' title='bbox 1797 4054 1912 4105; x_wconf 91' lang='lat' dir='ltr'><strong>DL.</strong></span> <span class='ocrx_word' id='word_1_314' title='bbox 2056 4066 2119 4104; x_wconf 90' lang='lat'><strong>26.</strong></span> <span class='ocrx_word' id='word_1_315' title='bbox 2161 4053 2282 4120; x_wconf 82' lang='lat' dir='ltr'><strong>Quo</strong></span> <span class='ocrx_word' id='word_1_316' title='bbox 2321 4054 2441 4106; x_wconf 90' lang='lat' dir='ltr'><strong>DL.</strong></span> <span class='ocrx_word' id='word_1_317' title='bbox 2584 4055 2666 4107; x_wconf 90' lang='lat' dir='ltr'><strong>vir</strong></span> <span class='ocrx_word' id='word_1_318' title='bbox 2708 4056 2764 4105; x_wconf 93' lang='lat' dir='ltr'><strong>T.</strong></span> <span class='ocrx_word' id='word_1_319' title='bbox 2907 4068 2971 4109; x_wconf 88' lang='lat'><strong>28.</strong></span> <span class='ocrx_word' id='word_1_320' title='bbox 3010 4073 3045 4110; x_wconf 86' lang='lat' dir='ltr'><strong>a</strong></span> 
     </span>
     <span class='ocr_line' id='line_1_43' title="bbox 927 4122 2869 4193; baseline 0.001 -15"><span class='ocrx_word' id='word_1_321' title='bbox 927 4143 1009 4178; x_wconf 85' lang='lat' dir='ltr'><strong>om</strong></span> <span class='ocrx_word' id='word_1_322' title='bbox 1053 4126 1111 4178; x_wconf 92' lang='lat' dir='ltr'><strong>T.</strong></span> <span class='ocrx_word' id='word_1_323' title='bbox 1255 4136 1318 4175; x_wconf 89' lang='lat'><strong>29.</strong></span> <span class='ocrx_word' id='word_1_324' title='bbox 1357 4124 1614 4191; x_wconf 85' lang='lat' dir='ltr'><strong>Kymeno</strong></span> <span class='ocrx_word' id='word_1_325' title='bbox 1661 4124 1965 4193; x_wconf 85' lang='lat' dir='ltr'><strong>kymenaee</strong></span> <span class='ocrx_word' id='word_1_326' title='bbox 2009 4122 2351 4192; x_wconf 84' lang='lat' dir='ltr'><strong>kymenades</strong></span> <span class='ocrx_word' id='word_1_327' title='bbox 2391 4140 2423 4178; x_wconf 95' lang='lat' dir='ltr'><strong>o</strong></span> <span class='ocrx_word' id='word_1_328' title='bbox 2462 4125 2764 4193; x_wconf 83' lang='lat' dir='ltr'><strong>kymeneae</strong></span> <span class='ocrx_word' id='word_1_329' title='bbox 2809 4126 2869 4179; x_wconf 92' lang='lat' dir='ltr'><strong>T.</strong></span> 
     </span>
     <span class='ocr_line' id='line_1_44' title="bbox 925 4194 2535 4266; baseline 0.002 -19"><span class='ocrx_word' id='word_1_330' title='bbox 925 4207 1107 4261; x_wconf 84' lang='lat'><strong>30-38,</strong></span> <span class='ocrx_word' id='word_1_331' title='bbox 1148 4204 1176 4247; x_wconf 84' lang='lat'><strong>6</strong></span> <span class='ocrx_word' id='word_1_332' title='bbox 1215 4212 1297 4248; x_wconf 87' lang='lat' dir='ltr'><strong>om</strong></span> <span class='ocrx_word' id='word_1_333' title='bbox 1325 4214 1398 4262; x_wconf 79' lang='lat' dir='ltr'><strong>pr</strong></span> <span class='ocrx_word' id='word_1_334' title='bbox 1433 4194 1495 4247; x_wconf 91' lang='lat' dir='ltr'><strong>L.</strong></span> <span class='ocrx_word' id='word_1_335' title='bbox 1637 4206 1701 4247; x_wconf 83' lang='lat'><strong>30.</strong></span> <span class='ocrx_word' id='word_1_336' title='bbox 1739 4195 2028 4266; x_wconf 84' lang='lat' dir='ltr'><strong>aequalem</strong></span> <span class='ocrx_word' id='word_1_337' title='bbox 2070 4198 2140 4262; x_wconf 88' lang='lat' dir='ltr'><strong>D,</strong></span> <span class='ocrx_word' id='word_1_338' title='bbox 2180 4194 2434 4265; x_wconf 81' lang='lat' dir='ltr'><strong>aequalis</strong></span> <span class='ocrx_word' id='word_1_339' title='bbox 2478 4195 2535 4250; x_wconf 95' lang='lat' dir='ltr'><strong>T.</strong></span> 
     </span>
    </p>
   </div>
  </div>
 </body>
</html>
