3364 5328
944 609 1359 669 GATULLUS
1397 610 1485 673 50,
1528 606 1783 669 12—52,
1822 614 1869 656 2.
2184 621 2193 629 ·
2372 606 2454 666 29

513 797 793 854 versarer
839 789 1084 864 cupiens
1129 787 1330 845 videre
1370 787 1583 854 lucem,

512 883 587 940 Ut
629 890 826 938 tecum
868 878 1164 947 loquerer,
1211 872 1504 944 simulque
1549 876 1613 927 ut
1655 882 1864 926 essem.

516 968 589 1025 At
633 965 864 1023 defessa
907 961 1111 1018 labore
1153 958 1420 1016 membra
1467 962 1777 1029 postquam

430 1067 484 1104 ³0
509 1051 903 1111 Semimortua
946 1044 1165 1104 lectulo
1209 1043 1500 1111 iacebant,

386 1136 470 1196 26
517 1139 659 1207 Hoc,
705 1133 979 1201 iocunde,
1027 1130 1132 1188 tibi
1177 1144 1389 1202 poema
1433 1126 1562 1196 feci,

514 1224 598 1280 Ex
645 1236 763 1293 quo
809 1217 1174 1293 perspiceres
1221 1229 1418 1272 meum
1465 1211 1749 1268 dolorem.

460 1323 482 1361 1
510 1308 678 1365 Nunc
722 1305 917 1363 audax
963 1316 1105 1359 cave
1147 1300 1247 1370 εἰς,
1294 1312 1619 1371 precesque
1665 1300 1915 1363 nostraS,

518 1394 787 1460 OramuS,
832 1404 976 1447 cave
1022 1387 1293 1458 despuaS,
1342 1383 1545 1451 ocelle,

517 1478 599 1535 Ne
645 1490 865 1549 poenas
910 1472 1171 1531 Nemesis
1215 1475 1486 1543 reposcat
1529 1483 1563 1523 a
1607 1473 1686 1523 tc.

514 1564 615 1621 Est
657 1563 978 1621 vehemens
1025 1560 1162 1617 dea:
1209 1556 1445 1614 laedere
1490 1555 1643 1611 hanc
1690 1558 1912 1610 caveto.

463 1769 487 1806 ⁵
515 1721 624 1815 'lle
666 1754 747 1812 mi
791 1767 899 1826 par
943 1765 1074 1808 esse
1118 1749 1230 1806 deo
1274 1746 1523 1816 videtur,

519 1844 640 1914 ille,
687 1840 736 1898 si
780 1839 867 1895 fas
914 1843 1021 1907 est,
1069 1847 1351 1908 superare
1396 1831 1583 1899 divos,

521 1928 631 1997 Qui
673 1926 886 1984 sedens
932 1923 1217 1979 adversus
1260 1916 1580 1975 identidem
1627 1919 1684 1970 te

954 2008 1192 2080 Spectat
1236 2010 1294 2060 et
1335 2002 1499 2059 audit

526 2097 708 2155 Dulce
751 2095 1054 2162 ridentem,
1100 2090 1314 2147 misero
1362 2087 1519 2161 quod
1567 2083 1759 2142 omnis

450 2194 501 2232 10
525 2182 706 2261 Eripit
746 2195 953 2238 sensus
998 2177 1168 2234 mihi:
1216 2189 1355 2232 nam
1398 2171 1569 2230 simul
1615 2178 1691 2240 te,

526 2267 749 2338 Lesbia,
793 2263 1011 2338 aspexi,
1055 2261 1202 2320 nihil
1247 2266 1333 2317 est
1378 2272 1556 2331 super
1600 2256 1679 2312 mi

518 2403 740 2476 Lingua
787 2402 894 2458 sed
938 2406 1149 2473 torpet,
1200 2395 1392 2454 tenuis
1437 2394 1547 2451 sub
1594 2400 1756 2449 artus

522 2489 761 2546 Famma
809 2488 1102 2556 demanat,
1148 2482 1346 2540 sonitu
1389 2485 1602 2551 suopte

439 2586 490 2624 1⁵
515 2574 814 2632 Tintinant
858 2586 1051 2640 aureS,
1096 2568 1329 2643 gemina
1373 2570 1652 2638 teguntur

953 2655 1201 2716 Lumina
1245 2659 1436 2712 nocte.

521 2746 737 2817 Otium,
786 2744 1031 2812 Catulle,
1078 2741 1183 2798 tibi
1228 2740 1540 2797 molestum
1584 2745 1705 2795 est:

520 2832 651 2891 Otio
698 2830 926 2887 exultas
970 2827 1336 2899 nimiumque
1381 2824 1576 2899 gestiS.

524 2917 717 2976 Otium
765 2922 822 2972 et
867 2930 1036 2988 reges
1081 2913 1244 2986 prius
1290 2919 1349 2969 et
1390 2911 1593 2976 beatas
1676 2924 1693 2932 ·

441 3014 496 3051 2⁰
962 2999 1223 3058 Perdidit
1263 2996 1459 3056 urbes,

522 3157 695 3259 Quid
741 3197 848 3262 est,
896 3184 1160 3248 Catulle?
1207 3186 1349 3262 quid
1392 3184 1642 3243 moraris
1687 3175 1908 3241 emori?

521 3276 676 3335 Sella
718 3277 777 3334 in
825 3276 1014 3334 curuli
1062 3273 1298 3333 Struma
1340 3273 1563 3331 Nonius
1606 3271 1791 3338 sedet,

491 3410 577 3473 25,
614 3420 677 3459 27.
717 3406 1056 3461 versaretur
1091 3406 1212 3458 DL.
1342 3403 1577 3474 cupidus
1616 3403 1682 3453 L.
1806 3413 1867 3451 ee.
1910 3414 2093 3453 essem
2133 3399 2208 3449 L.-
2246 3412 2461 3451 omnem

351 3481 426 3531 D·
492 3476 765 3604 ΞδῗθΗὲἒ
804 3478 1043 3616 &XL-quo.
1081 3548 1174 3598 hos
1200 3547 1335 3599 duos
1360 3562 1540 3597 versus
1567 3544 1774 3595 codices
1799 3552 1847 3595 et
1873 3543 1958 3593 hio
1986 3541 2181 3593 habent
2205 3549 2254 3590 et
2279 3540 2463 3589 iterum

344 3625 407 3675 in
433 3624 551 3691 fine
584 3620 820 3687 paginae
855 3629 969 3685 post
1004 3635 1051 3669 v.
1079 3625 1164 3668 30.
1272 3628 1309 3666 1.
1350 3630 1486 3668 cave
1527 3611 1630 3683 sis]
1674 3613 1892 3666 caveris
1932 3612 2001 3675 D,
2040 3608 2255 3663 caneris
2294 3607 2358 3657 L.

341 3706 381 3743 2.
426 3689 612 3744 ocello
652 3689 772 3740 DL.
891 3701 929 3739 3.
969 3687 1212 3740 nemesis
1248 3687 1329 3738 L.-
1368 3701 1438 3738 ne
1475 3682 1678 3737 messis
1719 3683 2119 3734 Laurentianus
2158 3691 2206 3731 ec
2244 3679 2460 3730 Riecar-

339 3765 569 3824 dianus,
610 3775 681 3812 ne
718 3759 962 3812 nemesis
1002 3759 1072 3808 D.
1181 3760 1415 3828 reponat
1445 3774 1514 3821 pr
1553 3754 1601 3804 L
1639 3764 1689 3805 ec
1725 3754 2147 3804 Laurentianus,
2254 3762 2293 3799 5.
2330 3747 2461 3799 mihi

336 3834 408 3884 L.
539 3832 721 3899 impar
768 3829 886 3880 DL.
1013 3839 1052 3879 7.
1091 3844 1317 3883 aversus
1356 3829 1426 3878 D.
1558 3838 1596 3875 9.
1635 3822 1782 3891 quod
1823 3823 1901 3873 L.-
1938 3838 2045 3890 que
2084 3821 2152 3870 D.
2277 3831 2337 3869 12.
2369 3814 2465 3868 ‘In

337 3903 528 3955 codice
574 3903 795 3967 antiquo
841 3910 891 3952 et
934 3918 1096 3951 manu
1142 3901 1336 3964 scripto
1376 3898 1569 3949 aderat
1592 3896 1843 3962 fenestra
1883 3894 1993 3949 loco
2028 3908 2211 3943 versus
2251 3888 2464 3940 Adonii’

335 3972 660 4024 Aleaeander
700 3972 993 4022 Guarinus.
1100 3980 1161 4019 15.
1200 3968 1494 4021 Tintinant
1530 3965 1954 4018 Riccardianus:
1992 3960 2316 4014 Tintinnant
2342 3958 2462 4009 DL.

412 4041 674 4109 geminae
713 4040 1062 4092 Schrader-us.
1224 4050 1283 4088 17.
1323 4037 1513 4092 catulli
1553 4035 1672 4085 DL.
1824 4045 1887 4082 21.
1923 4043 1986 4081 24.
2025 4031 2162 4084 mori
2202 4023 2322 4080 DL.

331 4127 401 4165 22.
448 4110 657 4166 Scrofa
699 4111 905 4163 Marius
964 4109 1257 4163 Victorinus
1288 4127 1346 4177 p.
1371 4116 1524 4159 2575.
1653 4103 1873 4157 Nonius
1909 4103 2119 4155 Plinius
2147 4104 2197 4153 Ιι.
2222 4119 2277 4152 n.
2305 4106 2390 4163 37,
2414 4108 2461 4149 6.

332 4185 614 4237 Boethius»
642 4182 710 4233 de
747 4182 940 4233 consol.
973 4182 1064 4246 ph.
1095 4190 1143 4244 3,
1180 4199 1260 4247 pr.
1288 4191 1334 4230 4.
1390 4179 1588 4229 Acilius
1630 4175 1852 4228 Fortun.
1885 4192 1943 4241 p.
1971 4180 2105 4224 2673
2144 4182 2193 4224 et
2241 4171 2463 4224 Victori-

329 4275 478 4309 nus:
518 4252 723 4306 novius
759 4253 1174 4314 Laurentianus,
1213 4264 1387 4303 novus
1427 4249 1492 4314 L,
1531 4247 1725 4303 nevius
1764 4248 1833 4296 D.
2453 4277 2457 4280 Α
