3364 5328
872 582 955 645 84

1905 754 1963 814 7.

875 857 1181 921 Cannabis
1226 876 1341 920 exc
1371 906 1384 921 .
1406 856 1417 869 ⁸
1422 902 1635 920 .....
1685 861 1974 921 carbasus
2018 855 2218 918 Euros

874 948 1719 1008 Umbrosac....an...

946 1028 1229 1083 carbasus
1268 1032 1326 1081 et
1361 1026 1670 1081 masculino
1710 1030 1769 1081 et
1794 1026 2057 1081 feminino
2096 1041 2304 1095 genere
2340 999 2522 1081 dictus
2560 1032 2662 1083 est.
2717 1027 2985 1083 Catullus:

1014 1097 1248 1165 Interpr.
1316 1096 1511 1168 Verqil.
1580 1099 1767 1152 Veron.
1808 1099 1882 1151 ad
1918 1099 2050 1151 Aen.
2090 1106 2138 1158 8,
2170 1106 2252 1149 34.

1908 1258 1966 1319 8.

949 1360 1071 1426 Quo
1107 1363 1167 1412 te
1204 1361 1446 1413 carmine
1485 1358 1687 1423 dicam,
1724 1357 2031 1412 Rhaetica?
2105 1358 2270 1412 Hanc
2306 1373 2467 1412 uvam
2508 1357 2649 1412 Cato
2688 1359 2990 1429 praecipue

1016 1427 1209 1483 laudat
1245 1430 1301 1483 in
1337 1429 1496 1484 libris
1531 1445 1672 1497 quos
1713 1428 1942 1497 scripsit
1980 1427 2050 1481 ad
2087 1427 2285 1482 filium:
2336 1433 2532 1483 contra
2569 1427 2820 1483 Catullus
2868 1445 2991 1483 eam

1015 1501 1129 1553 vitu
1173 1504 1293 1555 erat
1340 1505 1400 1554 et
1444 1499 1583 1553 dicit
1618 1498 1754 1552 nulli
1791 1499 1875 1552 rei
1913 1503 2098 1569 aptam
2137 1515 2292 1566 esse,
2339 1500 2676 1569 miraturque
2724 1516 2822 1555 our
2868 1516 2991 1554 eam

1017 1570 1110 1624 lau
1151 1571 1330 1625 averit
1367 1571 1530 1626 Cato.
1599 1569 1814 1624 Servius
1853 1570 1928 1624 ad
1958 1587 2129 1640 qeory.
2168 1579 2217 1636 2,
2246 1579 2329 1623 95.

1908 1725 1965 1788 9.

949 1833 1099 1886 Hinc
1146 1810 1628 1901 Theocriti‘apud
1676 1832 1954 1896 Graecos,
2018 1829 2225 1884 Catulli
2276 1829 2423 1899 apud
2486 1843 2588 1882 nos
2631 1828 2992 1899 proximeque

1019 1901 1260 1971 Vergilii
1301 1901 1835 1958 incantamentorum
1873 1901 2144 1956 amatoria
2165 1901 2421 1958 imitatio,
2483 1900 2701 1954 Plinius
2733 1901 2856 1954 hist.
2881 1908 2993 1953 nat.

1020 1983 1104 2039 28,
1133 1984 1180 2035 2,
1219 1991 1262 2027 ο.
1303 1981 1350 2026 4.

1892 2134 1985 2193 10.

949 2235 1100 2289 Hinc
1138 2233 1306 2287 etiam
1334 2230 1587 2286 Catullus
1625 2232 1825 2285 cavere
1864 2229 2021 2287 dixit.
2078 2230 2287 2285 Servius
2326 2232 2403 2284 ad
2426 2232 2557 2285 Aen.
2598 2241 2649 2297 4,
2678 2241 2797 2284 409.
2861 2231 2997 2300 conf.

1016 2323 1074 2374 p.
1104 2313 1186 2365 26,
1222 2313 1263 2359 ι.
1293 2313 1340 2354 2.
1381 2312 1465 2363 34,
1493 2310 1540 2357 5.

1891 2463 1985 2521 11.

951 2560 1278 2616 Notandum
1318 2575 1452 2613 sane
1492 2559 1659 2612 etiam
1699 2560 1770 2613 de
1809 2558 1950 2612 iride
1990 2574 2174 2612 arcum
2216 2575 2420 2628 genere
2460 2560 2769 2614 masculino
2807 2558 2999 2613 dicere

1021 2630 1360 2700 Vergilium:
1422 2628 1675 2684 Catullus
1716 2634 1774 2683 et
1810 2628 1904 2683 alii
1943 2644 2147 2697 genere
2186 2629 2451 2684 feminino
2486 2634 2714 2700 ponunt.
2786 2630 3000 2683 Servius
3099 2634 3100 2637 ’

1024 2703 1099 2756 ad
1134 2704 1266 2756 Aen.
1308 2711 1353 2762 5,
1385 2710 1502 2753 610.

1896 2859 1993 2919 12.

954 2961 1205 3017 Catullus
1251 2963 1358 3016 hoc
1404 2961 1602 3015 turben
1641 2959 1813 3027 dicit,
1859 2963 1922 3014 ut
1956 2960 2065 3014 hoo
2103 2975 2339 3014 carmen.
2371 3015 2376 3020 ,
2413 2960 2628 3014 Servius
2666 2959 2741 3011 ad
2777 2959 2910 3011 Aen.
2953 2965 3001 3023 7,

1027 3035 1146 3089 378.
1185 3034 1325 3103 conf.
1364 3042 1449 3098 45,
1477 3041 1558 3083 24.
