3364 5328
921 600 1001 658 44
1564 594 1972 650 OATULLUS
2011 597 2097 660 63,
2138 605 2200 647 46
2227 626 2286 633 -
2317 602 2396 647 74.

1004 782 1058 821 20
1083 771 1450 847 Liquidaque
1494 777 1691 830 mente
1737 770 1882 829 vidit
1922 771 2051 829 sine
2096 772 2262 845 queis
2295 773 2515 846 ubique
2561 774 2729 845 foret,

1088 856 1299 915 Animo
1346 865 1652 917 aestuante
1697 872 1904 915 rusum
1947 857 2200 916 reditum
2248 858 2323 916 ad
2368 860 2521 917 vada
2568 861 2774 919 tetulit.

1090 943 1174 1000 lbi
1221 946 1406 1002 maria
1454 950 1617 1003 vasta
1659 944 1856 1001 visens
1903 943 2345 1002 lacrimantibus
2391 945 2597 1016 oculi5‚

1054 1030 1340 1087 'Patriam
1388 1032 1643 1088 allocuta
1687 1034 1966 1087 maestast
2009 1029 2090 1087 ita
2134 1044 2281 1087 voce
2325 1030 2631 1089 miseriter.

1080 1102 1307 1173 ‘Patria
1353 1131 1388 1173 o
1433 1116 1547 1173 mei
1594 1114 1863 1185 creatrix,
1911 1115 2106 1187 patria
2145 1131 2180 1172 o
2225 1132 2358 1173 mea
2403 1116 2687 1189 genetrix,

1009 1210 1059 1249 2⁵
1088 1201 1209 1273 Ego
1256 1218 1433 1274 quam
1479 1202 1657 1259 miser
1702 1200 2060 1272 relinquens,
2109 1201 2380 1259 dominos
2427 1208 2491 1259 ut
2532 1200 2836 1277 herifugae

1091 1288 1311 1345 Famuli
1359 1288 1571 1357 solent,
1620 1287 1696 1344 ad
1742 1286 1878 1344 ldae
1923 1286 2089 1345 tetuli
2135 1287 2658 1360 nemora-pedem,

1092 1373 1165 1430 Ut
1206 1380 1348 1446 aput
1392 1374 1585 1431 nivem
1632 1378 1692 1429 et
1734 1371 1992 1429 ferarum
2036 1373 2229 1446 gelida
2273 1374 2506 1431 stabula
2550 1373 2736 1430 forem

1090 1459 1160 1516 Et
1205 1473 1408 1516 earum
1453 1458 1651 1515 omnia
1697 1457 1919 1514 adirem
1967 1458 2288 1515 furibunda
2331 1457 2597 1530 latibula,

1091 1541 1341 1601 Ubinam
1389 1550 1490 1601 aut
1535 1542 1752 1615 quibus
1796 1541 1943 1599 locis
1988 1550 2045 1600 te
2089 1543 2361 1616 positam,
2408 1543 2622 1617 patria,
2670 1541 2850 1603 reor?

1006 1631 1062 1677 ‘³0
1089 1629 1262 1701 Cupit
1304 1630 1430 1703 ipsa
1475 1628 1701 1701 pupula
1745 1628 1821 1684 ad
1866 1634 1923 1685 te
1967 1627 2079 1685 sibi
2128 1628 2382 1701 dirigere
2426 1630 2632 1700 aciem,

961 1714 1037 1772 41
1089 1714 1272 1772 Rabie
1316 1715 1440 1772 fera
1487 1726 1712 1771 carens·
1743 1713 1883 1769 dum
1928 1713 2109 1772 breve
2154 1720 2388 1787 tempus
2436 1715 2666 1773 animus
2713 1723 2817 1773 est.

1089 1800 1291 1872 Egone
1335 1816 1370 1857 a
1416 1815 1545 1857 mea
1587 1803 1814 1856 remota
1859 1799 2008 1856 haec
2053 1799 2216 1856 ferar
2252 1800 2310 1857 in
2356 1816 2601 1860 nemora
2646 1797 2865 1860 domo?

1089 1885 1302 1957 Patria,
1351 1886 1543 1955 boniS,
1590 1883 1815 1954 amiciS,
1863 1883 2231 1958 genitoribus
2277 1881 2502 1944 abero?
2697 1888 2755 1914 ‘⁶

1088 1970 1282 2029 Abero
1328 1973 1478 2043 soro,
1525 1972 1837 2044 palaestra,
1885 1970 2077 2028 stadio
2123 1978 2180 2028 et
2224 1966 2585 2045 gymnasiis?

1031 2071 1055 2109 5
1083 2057 1257 2115 Miser
1287 2059 1362 2115 ab
1394 2058 1590 2128 miser,
1639 2056 2006 2129 querendum
2041 2063 2130 2114 est
2159 2056 2333 2114 etiam
2365 2065 2541 2131 atque
2572 2056 2765 2130 etiam,
2815 2060 3030 2120 anime.

1088 2143 1260 2210 Quod
1307 2144 1461 2201 enim
1508 2157 1697 2218 genus
1741 2142 2040 2214 figuraest,
2090 2157 2200 2216 ego
2245 2156 2366 2201 non
2413 2145 2573 2217 quod
2617 2141 2969 2204 habuerim?

1087 2228 1209 2303 Ego
1253 2229 1481 2300 mulier,
1529 2242 1638 2301 ego
1687 2227 2052 2295 adolescens,
2102 2242 2212 2300 ego
2259 2228 2543 2302 ephebuS,
2592 2244 2702 2304 ego
2748 2247 2914 2304 puer.

1085 2315 1207 2388 Ego
1254 2313 1519 2387 gymnasi
1564 2312 1649 2369 fui
1693 2310 1820 2379 ssoS‚
1871 2326 1980 2383 ego
2026 2327 2186 2368 eram
2233 2312 2414 2370 decus
2460 2315 2603 2372 olei:

1088 2399 1225 2458 Mihi
1271 2400 1483 2456 ianuae
1527 2397 1886 2468 frequenteS,
1932 2395 2075 2453 mihi
2121 2396 2322 2455 limina
2366 2398 2584 2472 tepida,

1008 2500 1060 2539 10
1084 2485 1221 2544 Mihi
1266 2483 1489 2541 floridis
1536 2481 1773 2539 corollis
1819 2481 2088 2540 redimita
2135 2482 2348 2540 domus
2394 2491 2537 2555 erat,

1086 2571 1501 2643 Linquendum
1547 2567 1647 2624 ubi
1695 2574 1851 2624 esset
1896 2574 2025 2625 orto
2071 2567 2214 2624 mihi
2258 2568 2384 2626 sole
2430 2569 2788 2628 cubiculum.
2825 2616 2830 2620 .

1085 2656 1208 2728 Ego
1253 2669 1414 2712 nunc
1461 2654 1636 2711 deum
1682 2652 1949 2711 ministra
1995 2659 2052 2710 et
2096 2652 2342 2726 Cybeles
2387 2654 2606 2712 famula
2648 2651 2847 2713 ferar?

1086 2741 1208 2812 Ego
1254 2740 1510 2810 Maenas,
1559 2752 1669 2811 ego
1715 2738 1831 2795 mei
1874 2753 2031 2810 parS,
2081 2751 2190 2810 ego
2237 2738 2327 2794 vir
2370 2732 2590 2796 sterilis
2636 2735 2780 2796 ero?

1085 2826 1210 2898 Ego
1257 2824 1459 2881 viridis
1505 2823 1701 2896 algida
1746 2824 1884 2881 Idae
1928 2822 2063 2881 nive
2110 2822 2322 2880 amicta
2366 2823 2497 2880 loca
2542 2819 2776 2881 colam?

1008 2907 1056 2964 1'5
1083 2911 1206 2984 Ego
1250 2909 1431 2967 vitam
1475 2924 1647 2984 agam
1693 2908 1805 2967 sub
1853 2908 1984 2967 altis
2030 2907 2320 2981 Pbrygiae
2367 2907 2782 2982 columinibuS,

1087 2995 1197 3054 Ubi
1243 3010 1416 3053 cerva
1460 2994 1823 3066 silvicultrix,
1871 2994 1973 3052 ubi
2018 3009 2162 3066 aper
2204 2989 2666 3067 nemorivagus?

1088 3083 1209 3139 Iam
1256 3082 1371 3139 iam
1419 3081 1577 3139 dolet
1623 3081 1786 3153 quod
1832 3080 1942 3155 egi,
1995 3080 2113 3137 iam
2156 3078 2391 3153 iamque
2435 3067 2732 3154 paenitet.³

1082 3168 1289 3227 Roseis
1335 3172 1401 3224 ut
1444 3165 1584 3226 huic
1627 3165 1858 3224 labellis
1902 3165 2133 3224 sonitus
2179 3164 2322 3223 abiit
2366 3166 2521 3241 celer

1058 3319 1146 3382 40,
1195 3331 1261 3369 20.
1297 3317 1529 3387 sineque
1566 3315 1655 3369 his
1693 3315 1815 3368 DL.
1958 3326 2022 3365 21.
2060 3318 2356 3370 extuanter
2391 3317 2569 3370 visum
2605 3320 2674 3382 D,
2714 3319 3033 3372 aestuanter

922 3405 1077 3443 usum
1115 3389 1181 3443 L.
1288 3388 1478 3441 retulit
1503 3388 1622 3439 DL.
1730 3397 1793 3435 23.
1833 3385 2030 3437 Patria
2054 3387 2125 3436 D.
2236 3386 2481 3440 allocuta
2518 3391 2609 3441 est
2643 3390 2724 3441 ita
2760 3404 2899 3442 voce
2936 3387 3032 3439 mi-

920 3462 1122 3513 scriter
1142 3458 1422 3525 (miserius
1443 3457 1747 3520 Parisinus,
1768 3453 2049 3508 miseritus
2065 3456 2478 3525 Riccardianus)
2499 3458 2769 3511 maiestas
2783 3459 2902 3510 DL.
2923 3476 3033 3509 cor·

916 3533 1054 3583 reoeit
1091 3531 1351 3581 Muretus.
1477 3538 1540 3577 26.
1578 3526 1744 3579 retuli
1780 3526 1900 3577 DL.
2031 3539 2094 3577 27.
2133 3528 2217 3581 Vt
2254 3532 2420 3598 caput
2455 3529 2575 3580 DL.
2707 3528 2925 3580 niveum
2963 3529 3034 3578 D.

989 3614 1051 3652 30.
1076 3599 1287 3670 popula
1311 3599 1376 3649 L.
1486 3595 1558 3648 ad
1583 3602 1640 3649 te
1665 3597 1980 3649 Parisinus:
2009 3597 2138 3651 athe
2166 3600 2580 3661 Laurentianus,
2608 3599 2720 3649 atto
2748 3596 2814 3660 L,
2842 3596 2934 3648 itte
2960 3597 3034 3647 D.

1058 3686 1145 3750 41,
1183 3697 1220 3735 5.
1259 3685 1328 3738 ah
1368 3683 1445 3736 L:
1484 3683 1590 3737 hac
1628 3685 1700 3735 D.
1809 3687 1978 3753 atque
2015 3685 2095 3737 L:
2142 3700 2209 3738 ac
2247 3687 2317 3735 D.
2420 3696 2459 3735 6.
2500 3680 2644 3748 Quid
2682 3684 2752 3733 D.
2860 3679 3038 3749 figura.

922 3760 1012 3811 est
1045 3757 1166 3808 DL.
1273 3772 1382 3809 non
1423 3753 1554 3824 quid
1595 3753 1872 3824 (nunquid
1897 3756 1971 3818 D)
2012 3754 2242 3808 abierim
2279 3752 2401 3809 DL.
2441 3753 2667 3805 correxit
2704 3751 2964 3820 Scaliger.

918 3841 957 3878 8.
997 3826 1269 3894 gymnasii
1294 3825 2041 3893 Laurentianuszgymnasti
2065 3825 2127 3888 L,
2167 3822 2377 3891 ginasti
2401 3825 2472 3874 D.
2570 3820 2656 3875 sui
2680 3824 2750 3874 D.
2847 3834 2909 3874 10.
2934 3820 3033 3874 fio-

921 3898 1074 3950 ridus
1119 3898 1189 3948 D.
1300 3895 1524 3949 circulis
1565 3897 1638 3960 L,
1691 3894 1930 3950 circulus
1980 3895 2051 3945 D.
2159 3905 2221 3943 11.
2259 3893 2381 3947 solo
2431 3892 2548 3945 DL.
2656 3903 2719 3943 12.
2756 3892 2880 3961 Ego
2928 3907 3035 3946 nec

920 3967 1051 4020 DL:
1091 3970 1315 4019 correxit
1349 3967 1657 4019 Santenius.
1767 3965 2001 4018 ferarum
2040 3962 2161 4016 DL.
2271 3974 2335 4018 14.
2370 3961 2521 4034 nive]
2561 3978 2631 4015 ne
2669 3979 2738 4016 ne
2775 3964 2892 4014 DL.

918 4052 980 4093 15.
1022 4037 1368 4091 columnibus
1404 4038 1525 4089 DL.
1668 4048 1732 4086 16.
1769 4049 1997 4087 nemora
2042 4049 2217 4101 vagus
2260 4033 2679 4088 Laurentianus.
2821 4046 2883 4083 17.
2925 4048 3033 4102 que

920 4110 1350 4161 Laurentianus.-
1386 4126 1469 4159 om
1504 4109 1574 4172 D,
1617 4104 1768 4175 quod
1803 4105 1867 4157 L.
1973 4116 2037 4157 18.
2064 4104 2203 4158 ,hinc
2239 4105 2360 4156 DL.
2470 4104 2614 4158 adiit
2637 4106 2759 4156 DL.
2864 4102 3034 4168 celer,

920 4198 1020 4246 quo
1057 4180 1310 4232 vocabulo
1359 4179 1484 4231 libri
1529 4189 1737 4241 carent,
1785 4193 1848 4229 σω
1883 4176 2059 4229 codem
2080 4176 2214 4244 folii
2248 4176 2614 4244 praecedentis
2661 4192 2818 4228 verm
2854 4183 2939 4239 39,
2973 4182 3033 4226 18

919 4253 1019 4303 Ιιιιο
1054 4252 1308 4304 revocavi.
