<?xml version="1.0" encoding="UTF-8"?>
<!DOCTYPE html PUBLIC "-//W3C//DTD XHTML 1.0 Transitional//EN"
    "http://www.w3.org/TR/xhtml1/DTD/xhtml1-transitional.dtd">
<html xmlns="http://www.w3.org/1999/xhtml" xml:lang="en" lang="en">
 <head>
  <title>
</title>
<meta http-equiv="Content-Type" content="text/html;charset=utf-8" />
  <meta name='ocr-system' content='tesseract 3.04.00' />
  <meta name='ocr-capabilities' content='ocr_page ocr_carea ocr_par ocr_line ocrx_word'/>
</head>
<body>
  <div class='ocr_page' id='page_1' title='image "./qvaleriicatulli04catugoog_0037.png"; bbox 0 0 3364 5328; ppageno 0'>
   <div class='ocr_carea' id='block_1_1' title="bbox 912 638 2410 707">
    <p class='ocr_par' dir='ltr' id='par_1_1' title="bbox 912 638 2410 707">
     <span class='ocr_line' id='line_1_1' title="bbox 912 638 2410 707; baseline 0.005 -11"><span class='ocrx_word' id='word_1_1' title='bbox 912 638 1329 697; x_wconf 77' lang='lat' dir='ltr'>GATULLUS</span> <span class='ocrx_word' id='word_1_2' title='bbox 1365 642 1454 707; x_wconf 84' lang='lat'>42,</span> <span class='ocrx_word' id='word_1_3' title='bbox 1494 653 1523 694; x_wconf 84' lang='lat'><strong>3</strong></span> <span class='ocrx_word' id='word_1_4' title='bbox 1548 671 1611 682; x_wconf 89' lang='lat'><em>-</em></span> <span class='ocrx_word' id='word_1_5' title='bbox 1635 643 1724 707; x_wconf 86' lang='lat'>43,</span> <span class='ocrx_word' id='word_1_6' title='bbox 1765 653 1811 694; x_wconf 82' lang='lat'>8.</span> <span class='ocrx_word' id='word_1_7' title='bbox 2331 644 2410 703; x_wconf 81' lang='lat'>25</span> 
     </span>
    </p>
   </div>
   <div class='ocr_carea' id='block_1_2' title="bbox 337 820 1866 2690">
    <p class='ocr_par' dir='ltr' id='par_1_2' title="bbox 466 820 1721 981">
     <span class='ocr_line' id='line_1_2' title="bbox 466 820 1721 894; baseline -0.004 -12"><span class='ocrx_word' id='word_1_8' title='bbox 466 825 668 882; x_wconf 88' lang='lat' dir='ltr'>locum</span> <span class='ocrx_word' id='word_1_9' title='bbox 715 836 811 878; x_wconf 86' lang='lat' dir='ltr'>me</span> <span class='ocrx_word' id='word_1_10' title='bbox 852 825 1023 893; x_wconf 85' lang='lat' dir='ltr'>putat</span> <span class='ocrx_word' id='word_1_11' title='bbox 1067 834 1199 878; x_wconf 92' lang='lat' dir='ltr'>esse</span> <span class='ocrx_word' id='word_1_12' title='bbox 1244 822 1492 879; x_wconf 84' lang='lat' dir='ltr'>moecha</span> <span class='ocrx_word' id='word_1_13' title='bbox 1533 820 1721 894; x_wconf 90' lang='lat' dir='ltr'>turpis</span> 
     </span>
     <span class='ocr_line' id='line_1_3' title="bbox 466 905 1605 981; baseline -0.003 -14"><span class='ocrx_word' id='word_1_14' title='bbox 466 911 538 967; x_wconf 90' lang='lat' dir='ltr'>Et</span> <span class='ocrx_word' id='word_1_15' title='bbox 579 913 759 981; x_wconf 87' lang='lat' dir='ltr'>negat</span> <span class='ocrx_word' id='word_1_16' title='bbox 802 905 944 964; x_wconf 87' lang='grc'><strong>1111111</strong></span> <span class='ocrx_word' id='word_1_17' title='bbox 990 913 1194 963; x_wconf 84' lang='lat' dir='ltr'>nostra</span> <span class='ocrx_word' id='word_1_18' title='bbox 1242 907 1605 965; x_wconf 79' lang='lat' dir='ltr'><strong>reddituram</strong></span> 
     </span>
    </p>

    <p class='ocr_par' dir='ltr' id='par_1_3' title="bbox 383 991 1367 1073">
     <span class='ocr_line' id='line_1_4' title="bbox 383 991 1367 1073; baseline -0.003 -20"><span class='ocrx_word' id='word_1_19' title='bbox 383 1003 438 1042; x_wconf 82' lang='lat'>³0</span> <span class='ocrx_word' id='word_1_20' title='bbox 464 992 800 1068; x_wconf 80' lang='lat' dir='ltr'>pugillaria,</span> <span class='ocrx_word' id='word_1_21' title='bbox 846 991 896 1049; x_wconf 89' lang='lat' dir='ltr'>si</span> <span class='ocrx_word' id='word_1_22' title='bbox 926 991 1061 1073; x_wconf 19' lang='lat' dir='ltr'>„pati</span> <span class='ocrx_word' id='word_1_23' title='bbox 1104 992 1367 1065; x_wconf 77' lang='lat' dir='ltr'>potestis·</span> 
     </span>
    </p>

    <p class='ocr_par' dir='ltr' id='par_1_4' title="bbox 337 1075 1787 1407">
     <span class='ocr_line' id='line_1_5' title="bbox 337 1075 1658 1152; baseline -0.002 -17"><span class='ocrx_word' id='word_1_24' title='bbox 337 1075 420 1137; x_wconf 82' lang='lat'>22</span> <span class='ocrx_word' id='word_1_25' title='bbox 466 1081 901 1151; x_wconf 81' lang='lat' dir='ltr'><strong>persequamur</strong></span> <span class='ocrx_word' id='word_1_26' title='bbox 948 1092 1098 1146; x_wconf 85' lang='lat' dir='ltr'>eam,</span> <span class='ocrx_word' id='word_1_27' title='bbox 1146 1084 1204 1134; x_wconf 91' lang='lat' dir='ltr'>et</span> <span class='ocrx_word' id='word_1_28' title='bbox 1246 1077 1658 1152; x_wconf 87' lang='lat' dir='ltr'>reflagitemus.</span> 
     </span>
     <span class='ocr_line' id='line_1_6' title="bbox 468 1161 1787 1237; baseline -0.003 -13"><span class='ocrx_word' id='word_1_29' title='bbox 468 1169 633 1237; x_wconf 82' lang='lat' dir='ltr'><strong>Quae</strong></span> <span class='ocrx_word' id='word_1_30' title='bbox 678 1163 770 1232; x_wconf 91' lang='lat' dir='ltr'>sit,</span> <span class='ocrx_word' id='word_1_31' title='bbox 821 1162 1123 1234; x_wconf 82' lang='lat' dir='ltr'>quaeritis,</span> <span class='ocrx_word' id='word_1_32' title='bbox 1194 1161 1309 1234; x_wconf 88' lang='lat' dir='ltr'>illa,</span> <span class='ocrx_word' id='word_1_33' title='bbox 1355 1178 1532 1236; x_wconf 89' lang='lat' dir='ltr'>quam</span> <span class='ocrx_word' id='word_1_34' title='bbox 1578 1162 1787 1221; x_wconf 85' lang='lat' dir='ltr'>videtis</span> 
     </span>
     <span class='ocr_line' id='line_1_7' title="bbox 469 1247 1678 1324; baseline -0.003 -14"><span class='ocrx_word' id='word_1_35' title='bbox 469 1254 663 1324; x_wconf 89' lang='lat' dir='ltr'>Turpe</span> <span class='ocrx_word' id='word_1_36' title='bbox 705 1248 1000 1319; x_wconf 78' lang='lat' dir='ltr'>incedere,</span> <span class='ocrx_word' id='word_1_37' title='bbox 1048 1247 1280 1305; x_wconf 88' lang='lat' dir='ltr'>mimice</span> <span class='ocrx_word' id='word_1_38' title='bbox 1323 1264 1393 1306; x_wconf 89' lang='lat' dir='ltr'>ac</span> <span class='ocrx_word' id='word_1_39' title='bbox 1430 1247 1678 1306; x_wconf 87' lang='lat' dir='ltr'>moleste</span> 
     </span>
     <span class='ocr_line' id='line_1_8' title="bbox 467 1332 1505 1407; baseline -0.001 -12"><span class='ocrx_word' id='word_1_40' title='bbox 467 1338 778 1396; x_wconf 88' lang='lat' dir='ltr'>Ridentem</span> <span class='ocrx_word' id='word_1_41' title='bbox 823 1332 1000 1391; x_wconf 88' lang='lat' dir='ltr'>catuli</span> <span class='ocrx_word' id='word_1_42' title='bbox 1051 1346 1154 1392; x_wconf 90' lang='lat' dir='ltr'>ore</span> <span class='ocrx_word' id='word_1_43' title='bbox 1200 1334 1505 1407; x_wconf 76' lang='lat' dir='ltr'>Gallicani.</span> 
     </span>
    </p>

    <p class='ocr_par' dir='ltr' id='par_1_5' title="bbox 415 1418 1682 1835">
     <span class='ocr_line' id='line_1_9' title="bbox 415 1418 1575 1492; baseline -0.004 -11"><span class='ocrx_word' id='word_1_44' title='bbox 415 1431 439 1468; x_wconf 89' lang='lat'>⁵</span> <span class='ocrx_word' id='word_1_45' title='bbox 470 1418 893 1481; x_wconf 79' lang='lat' dir='ltr'>circumsistite</span> <span class='ocrx_word' id='word_1_46' title='bbox 937 1432 1086 1490; x_wconf 86' lang='lat' dir='ltr'>eam,</span> <span class='ocrx_word' id='word_1_47' title='bbox 1135 1426 1192 1476; x_wconf 91' lang='lat' dir='ltr'>et</span> <span class='ocrx_word' id='word_1_48' title='bbox 1234 1418 1575 1492; x_wconf 85' lang='lat' dir='ltr'>reflagitate‚</span> 
     </span>
     <span class='ocr_line' id='line_1_10' title="bbox 462 1498 1598 1576; baseline -0.004 -10"><span class='ocrx_word' id='word_1_49' title='bbox 462 1498 734 1567; x_wconf 82' lang='lat' dir='ltr'>‘Moecha</span> <span class='ocrx_word' id='word_1_50' title='bbox 776 1503 1002 1576; x_wconf 87' lang='lat' dir='ltr'>putida,</span> <span class='ocrx_word' id='word_1_51' title='bbox 1050 1504 1234 1563; x_wconf 82' lang='lat' dir='ltr'>redde</span> <span class='ocrx_word' id='word_1_52' title='bbox 1278 1504 1598 1575; x_wconf 84' lang='lat' dir='ltr'>codicillos,</span> 
     </span>
     <span class='ocr_line' id='line_1_11' title="bbox 470 1578 1640 1662; baseline -0.006 -9"><span class='ocrx_word' id='word_1_53' title='bbox 470 1593 691 1661; x_wconf 86' lang='lat' dir='ltr'>Redde,</span> <span class='ocrx_word' id='word_1_54' title='bbox 737 1589 944 1661; x_wconf 86' lang='lat' dir='ltr'>putida</span> <span class='ocrx_word' id='word_1_55' title='bbox 988 1591 1256 1662; x_wconf 88' lang='lat' dir='ltr'>moecha,</span> <span class='ocrx_word' id='word_1_56' title='bbox 1303 1578 1640 1649; x_wconf 73' lang='lat' dir='ltr'>codicillos.³</span> 
     </span>
     <span class='ocr_line' id='line_1_12' title="bbox 472 1669 1682 1750; baseline -0.005 -12"><span class='ocrx_word' id='word_1_57' title='bbox 472 1680 598 1738; x_wconf 92' lang='lat' dir='ltr'>Non</span> <span class='ocrx_word' id='word_1_58' title='bbox 645 1674 792 1734; x_wconf 90' lang='lat' dir='ltr'>assis</span> <span class='ocrx_word' id='word_1_59' title='bbox 838 1669 1025 1733; x_wconf 80' lang='lat' dir='ltr'>facis?</span> <span class='ocrx_word' id='word_1_60' title='bbox 1072 1690 1107 1733; x_wconf 95' lang='lat' dir='ltr'>o</span> <span class='ocrx_word' id='word_1_61' title='bbox 1152 1677 1365 1746; x_wconf 91' lang='lat' dir='ltr'>lutum,</span> <span class='ocrx_word' id='word_1_62' title='bbox 1412 1676 1682 1750; x_wconf 80' lang='lat' dir='ltr'>lupanar,</span> 
     </span>
     <span class='ocr_line' id='line_1_13' title="bbox 473 1760 1631 1835; baseline -0.004 -12"><span class='ocrx_word' id='word_1_63' title='bbox 473 1765 591 1823; x_wconf 83' lang='lat' dir='ltr'>Aut</span> <span class='ocrx_word' id='word_1_64' title='bbox 631 1762 681 1820; x_wconf 91' lang='lat' dir='ltr'>si</span> <span class='ocrx_word' id='word_1_65' title='bbox 726 1760 1013 1834; x_wconf 86' lang='lat' dir='ltr'>perditius</span> <span class='ocrx_word' id='word_1_66' title='bbox 1058 1768 1253 1835; x_wconf 89' lang='lat' dir='ltr'>potest</span> <span class='ocrx_word' id='word_1_67' title='bbox 1296 1761 1439 1834; x_wconf 90' lang='lat' dir='ltr'>quid</span> <span class='ocrx_word' id='word_1_68' title='bbox 1484 1776 1631 1820; x_wconf 90' lang='grc'><strong>3553.</strong></span> 
     </span>
    </p>

    <p class='ocr_par' dir='ltr' id='par_1_6' title="bbox 394 1847 1866 2262">
     <span class='ocr_line' id='line_1_14' title="bbox 394 1847 1866 1920; baseline -0.001 -14"><span class='ocrx_word' id='word_1_69' title='bbox 394 1859 444 1898; x_wconf 83' lang='lat'>1⁰</span> <span class='ocrx_word' id='word_1_70' title='bbox 471 1850 587 1910; x_wconf 85' lang='lat' dir='ltr'>Sed</span> <span class='ocrx_word' id='word_1_71' title='bbox 633 1862 753 1905; x_wconf 91' lang='lat' dir='ltr'>non</span> <span class='ocrx_word' id='word_1_72' title='bbox 801 1852 890 1903; x_wconf 89' lang='lat' dir='ltr'>est</span> <span class='ocrx_word' id='word_1_73' title='bbox 933 1853 1130 1906; x_wconf 89' lang='lat' dir='ltr'>tamen</span> <span class='ocrx_word' id='word_1_74' title='bbox 1174 1849 1289 1909; x_wconf 90' lang='lat' dir='ltr'>hoe</span> <span class='ocrx_word' id='word_1_75' title='bbox 1332 1847 1472 1904; x_wconf 84' lang='lat' dir='ltr'>satis</span> <span class='ocrx_word' id='word_1_76' title='bbox 1518 1854 1866 1920; x_wconf 83' lang='lat' dir='ltr'>putandum.</span> 
     </span>
     <span class='ocr_line' id='line_1_15' title="bbox 475 1932 1701 2005; baseline -0.003 -12"><span class='ocrx_word' id='word_1_77' title='bbox 475 1934 647 2005; x_wconf 80' lang='lat' dir='ltr'>Quod</span> <span class='ocrx_word' id='word_1_78' title='bbox 690 1932 741 1989; x_wconf 93' lang='lat' dir='ltr'>si</span> <span class='ocrx_word' id='word_1_79' title='bbox 786 1940 907 1989; x_wconf 90' lang='lat' dir='ltr'>non</span> <span class='ocrx_word' id='word_1_80' title='bbox 953 1933 1113 1992; x_wconf 90' lang='lat' dir='ltr'>aliud</span> <span class='ocrx_word' id='word_1_81' title='bbox 1160 1940 1370 2005; x_wconf 90' lang='lat' dir='ltr'>potest,</span> <span class='ocrx_word' id='word_1_82' title='bbox 1420 1933 1701 1991; x_wconf 85' lang='lat' dir='ltr'>ruborem</span> 
     </span>
     <span class='ocr_line' id='line_1_16' title="bbox 476 2017 1510 2091; baseline -0.006 -11"><span class='ocrx_word' id='word_1_83' title='bbox 476 2022 694 2080; x_wconf 75' lang='lat' dir='ltr'>Feri-eo</span> <span class='ocrx_word' id='word_1_84' title='bbox 740 2017 900 2074; x_wconf 85' lang='lat' dir='ltr'>canis</span> <span class='ocrx_word' id='word_1_85' title='bbox 946 2019 1342 2091; x_wconf 85' lang='lat' dir='ltr'>exprimamus</span> <span class='ocrx_word' id='word_1_86' title='bbox 1389 2032 1510 2076; x_wconf 91' lang='lat' dir='ltr'>ore.</span> 
     </span>
     <span class='ocr_line' id='line_1_17' title="bbox 482 2103 1552 2164; baseline 0 -1"><span class='ocrx_word' id='word_1_87' title='bbox 482 2103 856 2163; x_wconf 87' lang='lat' dir='ltr'>Conclamate</span> <span class='ocrx_word' id='word_1_88' title='bbox 895 2103 1110 2163; x_wconf 85' lang='lat' dir='ltr'>iterum</span> <span class='ocrx_word' id='word_1_89' title='bbox 1155 2103 1362 2162; x_wconf 86' lang='lat' dir='ltr'>altiore</span> <span class='ocrx_word' id='word_1_90' title='bbox 1408 2118 1552 2164; x_wconf 89' lang='lat' dir='ltr'>voce</span> 
     </span>
     <span class='ocr_line' id='line_1_18' title="bbox 472 2181 1607 2262; baseline 0.001 -13"><span class='ocrx_word' id='word_1_91' title='bbox 472 2181 745 2248; x_wconf 81' lang='lat' dir='ltr'>‘Moecha</span> <span class='ocrx_word' id='word_1_92' title='bbox 789 2187 1010 2262; x_wconf 88' lang='lat' dir='ltr'>putida,</span> <span class='ocrx_word' id='word_1_93' title='bbox 1056 2190 1240 2248; x_wconf 85' lang='lat' dir='ltr'>redde</span> <span class='ocrx_word' id='word_1_94' title='bbox 1286 2190 1607 2261; x_wconf 83' lang='lat' dir='ltr'>codiciIIOS,</span> 
     </span>
    </p>

    <p class='ocr_par' dir='ltr' id='par_1_7' title="bbox 407 2267 1699 2690">
     <span class='ocr_line' id='line_1_19' title="bbox 407 2267 1656 2347; baseline 0 -13"><span class='ocrx_word' id='word_1_95' title='bbox 407 2283 455 2323; x_wconf 80' lang='lat'>15</span> <span class='ocrx_word' id='word_1_96' title='bbox 486 2276 704 2345; x_wconf 86' lang='lat' dir='ltr'>Redde,</span> <span class='ocrx_word' id='word_1_97' title='bbox 751 2272 957 2347; x_wconf 87' lang='lat' dir='ltr'>putida</span> <span class='ocrx_word' id='word_1_98' title='bbox 1000 2277 1265 2345; x_wconf 88' lang='lat' dir='ltr'>moecha,</span> <span class='ocrx_word' id='word_1_99' title='bbox 1316 2267 1656 2336; x_wconf 75' lang='lat' dir='ltr'>codicillos.³</span> 
     </span>
     <span class='ocr_line' id='line_1_20' title="bbox 482 2358 1658 2432; baseline 0.001 -12"><span class='ocrx_word' id='word_1_100' title='bbox 482 2362 597 2420; x_wconf 86' lang='lat' dir='ltr'>Sed</span> <span class='ocrx_word' id='word_1_101' title='bbox 642 2358 725 2417; x_wconf 91' lang='lat' dir='ltr'>nil</span> <span class='ocrx_word' id='word_1_102' title='bbox 772 2359 1132 2432; x_wconf 84' lang='lat' dir='ltr'>proficimuS,</span> <span class='ocrx_word' id='word_1_103' title='bbox 1179 2361 1324 2419; x_wconf 86' lang='grc'><strong>1111111</strong></span> <span class='ocrx_word' id='word_1_104' title='bbox 1371 2370 1658 2421; x_wconf 87' lang='lat' dir='ltr'>movetur.</span> 
     </span>
     <span class='ocr_line' id='line_1_21' title="bbox 481 2445 1699 2519; baseline 0.002 -15"><span class='ocrx_word' id='word_1_105' title='bbox 481 2445 762 2504; x_wconf 87' lang='lat' dir='ltr'>Mutanda</span> <span class='ocrx_word' id='word_1_106' title='bbox 809 2452 897 2501; x_wconf 90' lang='lat' dir='ltr'>est</span> <span class='ocrx_word' id='word_1_107' title='bbox 941 2447 1089 2504; x_wconf 92' lang='lat' dir='ltr'>ratio</span> <span class='ocrx_word' id='word_1_108' title='bbox 1134 2448 1468 2519; x_wconf 86' lang='lat' dir='ltr'>modusque</span> <span class='ocrx_word' id='word_1_109' title='bbox 1514 2449 1699 2519; x_wconf 78' lang='lat' dir='ltr'>vobiS‚</span> 
     </span>
     <span class='ocr_line' id='line_1_22' title="bbox 483 2530 1630 2606; baseline 0.002 -16"><span class='ocrx_word' id='word_1_110' title='bbox 483 2531 687 2604; x_wconf 87' lang='lat' dir='ltr'>Siquid</span> <span class='ocrx_word' id='word_1_111' title='bbox 733 2530 1024 2602; x_wconf 88' lang='lat' dir='ltr'>proficere</span> <span class='ocrx_word' id='word_1_112' title='bbox 1069 2533 1321 2605; x_wconf 86' lang='lat' dir='ltr'>amplius</span> <span class='ocrx_word' id='word_1_113' title='bbox 1367 2535 1630 2606; x_wconf 82' lang='lat' dir='ltr'>potestiS,</span> 
     </span>
     <span class='ocr_line' id='line_1_23' title="bbox 470 2606 1691 2690; baseline 0.002 -13"><span class='ocrx_word' id='word_1_114' title='bbox 470 2606 722 2677; x_wconf 81' lang='lat' dir='ltr'>‘Pudica</span> <span class='ocrx_word' id='word_1_115' title='bbox 768 2622 826 2674; x_wconf 90' lang='lat' dir='ltr'>et</span> <span class='ocrx_word' id='word_1_116' title='bbox 869 2618 1075 2690; x_wconf 87' lang='lat' dir='ltr'>proba,</span> <span class='ocrx_word' id='word_1_117' title='bbox 1122 2617 1303 2679; x_wconf 89' lang='lat' dir='ltr'>redde</span> <span class='ocrx_word' id='word_1_118' title='bbox 1350 2609 1691 2679; x_wconf 68' lang='lat' dir='ltr'>codicillos?</span> 
     </span>
    </p>
   </div>
   <div class='ocr_carea' id='block_1_3' title="bbox 402 2893 1622 3087">
    <p class='ocr_par' dir='ltr' id='par_1_8' title="bbox 402 2893 1622 3087">
     <span class='ocr_line' id='line_1_24' title="bbox 402 2893 1564 3001; baseline -0.001 -14"><span class='ocrx_word' id='word_1_119' title='bbox 402 2940 455 2979; x_wconf 80' lang='lat'>2⁰</span> <span class='ocrx_word' id='word_1_120' title='bbox 479 2893 685 3001; x_wconf 81' lang='lat' dir='ltr'>Salve,</span> <span class='ocrx_word' id='word_1_121' title='bbox 732 2942 843 2985; x_wconf 89' lang='lat' dir='ltr'>nec</span> <span class='ocrx_word' id='word_1_122' title='bbox 888 2926 1129 2986; x_wconf 89' lang='lat' dir='ltr'>minimo</span> <span class='ocrx_word' id='word_1_123' title='bbox 1174 2928 1371 3000; x_wconf 90' lang='lat' dir='ltr'>puella</span> <span class='ocrx_word' id='word_1_124' title='bbox 1420 2944 1564 2987; x_wconf 89' lang='lat' dir='ltr'>naso</span> 
     </span>
     <span class='ocr_line' id='line_1_25' title="bbox 480 3013 1622 3087; baseline -0.001 -14"><span class='ocrx_word' id='word_1_125' title='bbox 480 3016 598 3073; x_wconf 90' lang='lat' dir='ltr'>Nee</span> <span class='ocrx_word' id='word_1_126' title='bbox 639 3013 796 3073; x_wconf 89' lang='lat' dir='ltr'>bello</span> <span class='ocrx_word' id='word_1_127' title='bbox 844 3014 993 3087; x_wconf 90' lang='lat' dir='ltr'>pede</span> <span class='ocrx_word' id='word_1_128' title='bbox 1040 3028 1149 3070; x_wconf 89' lang='lat' dir='ltr'>nec</span> <span class='ocrx_word' id='word_1_129' title='bbox 1193 3013 1374 3087; x_wconf 85' lang='lat' dir='ltr'>nigris</span> <span class='ocrx_word' id='word_1_130' title='bbox 1421 3015 1622 3073; x_wconf 85' lang='lat' dir='ltr'>ocellis</span> 
     </span>
    </p>
   </div>
   <div class='ocr_carea' id='block_1_4' title="bbox 316 3077 2436 4276">
    <p class='ocr_par' dir='ltr' id='par_1_9' title="bbox 483 3077 1923 3173">
     <span class='ocr_line' id='line_1_26' title="bbox 483 3077 1923 3173; baseline -0.001 -15"><span class='ocrx_word' id='word_1_131' title='bbox 483 3100 599 3159; x_wconf 91' lang='lat' dir='ltr'>Nec</span> <span class='ocrx_word' id='word_1_132' title='bbox 643 3099 837 3173; x_wconf 80' lang='lat' dir='ltr'>longis</span> <span class='ocrx_word' id='word_1_133' title='bbox 883 3098 1077 3173; x_wconf 83' lang='lat' dir='ltr'>digitis</span> <span class='ocrx_word' id='word_1_134' title='bbox 1123 3114 1233 3156; x_wconf 90' lang='lat' dir='ltr'>nec</span> <span class='ocrx_word' id='word_1_135' title='bbox 1278 3114 1381 3156; x_wconf 86' lang='lat' dir='ltr'>ore</span> <span class='ocrx_word' id='word_1_136' title='bbox 1424 3100 1582 3158; x_wconf 87' lang='lat' dir='ltr'>sicco</span> <span class='ocrx_word' id='word_1_137' title='bbox 1885 3077 1923 3116; x_wconf 71' lang='lat'>’</span> 
     </span>
    </p>

    <p class='ocr_par' dir='ltr' id='par_1_10' title="bbox 483 3183 1583 3259">
     <span class='ocr_line' id='line_1_27' title="bbox 483 3183 1583 3259; baseline -0.003 -14"><span class='ocrx_word' id='word_1_138' title='bbox 483 3187 598 3245; x_wconf 91' lang='lat' dir='ltr'>Nec</span> <span class='ocrx_word' id='word_1_139' title='bbox 643 3199 789 3244; x_wconf 88' lang='grc'><strong>53113</strong></span> <span class='ocrx_word' id='word_1_140' title='bbox 834 3184 1006 3242; x_wconf 89' lang='grc'><strong>11111115</strong></span> <span class='ocrx_word' id='word_1_141' title='bbox 1052 3183 1320 3257; x_wconf 82' lang='lat' dir='ltr'>elegante</span> <span class='ocrx_word' id='word_1_142' title='bbox 1365 3184 1583 3259; x_wconf 86' lang='lat' dir='ltr'>lingua,</span> 
     </span>
    </p>

    <p class='ocr_par' dir='ltr' id='par_1_11' title="bbox 486 3269 1415 3331">
     <span class='ocr_line' id='line_1_28' title="bbox 486 3269 1415 3331; baseline -0.004 0"><span class='ocrx_word' id='word_1_143' title='bbox 486 3270 822 3331; x_wconf 88' lang='lat' dir='ltr'>Decoetoris</span> <span class='ocrx_word' id='word_1_144' title='bbox 868 3270 1055 3327; x_wconf 86' lang='lat' dir='ltr'>amica</span> <span class='ocrx_word' id='word_1_145' title='bbox 1101 3269 1415 3327; x_wconf 85' lang='lat' dir='ltr'>Formiani.</span> 
     </span>
    </p>

    <p class='ocr_par' dir='ltr' id='par_1_12' title="bbox 401 3352 1672 3431">
     <span class='ocr_line' id='line_1_29' title="bbox 401 3352 1672 3431; baseline -0.002 -14"><span class='ocrx_word' id='word_1_146' title='bbox 401 3368 453 3407; x_wconf 76' lang='lat'>25</span> <span class='ocrx_word' id='word_1_147' title='bbox 481 3360 600 3417; x_wconf 91' lang='lat' dir='ltr'>Ten</span> <span class='ocrx_word' id='word_1_148' title='bbox 647 3356 949 3431; x_wconf 86' lang='lat' dir='ltr'>provincia</span> <span class='ocrx_word' id='word_1_149' title='bbox 995 3361 1195 3414; x_wconf 85' lang='lat' dir='ltr'>narrat</span> <span class='ocrx_word' id='word_1_150' title='bbox 1241 3370 1371 3413; x_wconf 92' lang='lat' dir='ltr'>esse</span> <span class='ocrx_word' id='word_1_151' title='bbox 1416 3352 1672 3414; x_wconf 83' lang='lat' dir='ltr'>bellam?</span> 
     </span>
    </p>

    <p class='ocr_par' dir='ltr' id='par_1_13' title="bbox 485 3437 1664 3514">
     <span class='ocr_line' id='line_1_30' title="bbox 485 3437 1664 3514; baseline -0.002 -13"><span class='ocrx_word' id='word_1_152' title='bbox 485 3446 702 3502; x_wconf 89' lang='lat' dir='ltr'>Tecum</span> <span class='ocrx_word' id='word_1_153' title='bbox 748 3441 957 3501; x_wconf 89' lang='lat' dir='ltr'>Lesbia</span> <span class='ocrx_word' id='word_1_154' title='bbox 1002 3446 1203 3499; x_wconf 85' lang='lat' dir='ltr'>nostra</span> <span class='ocrx_word' id='word_1_155' title='bbox 1250 3437 1664 3514; x_wconf 82' lang='lat' dir='ltr'>comparatur?</span> 
     </span>
    </p>

    <p class='ocr_par' dir='ltr' id='par_1_14' title="bbox 487 3526 1673 3602">
     <span class='ocr_line' id='line_1_31' title="bbox 487 3526 1673 3602; baseline -0.005 -11"><span class='ocrx_word' id='word_1_156' title='bbox 487 3531 533 3591; x_wconf 90' lang='lat' dir='ltr'>O</span> <span class='ocrx_word' id='word_1_157' title='bbox 579 3529 840 3588; x_wconf 87' lang='lat' dir='ltr'>saeclum</span> <span class='ocrx_word' id='word_1_158' title='bbox 881 3526 1178 3602; x_wconf 88' lang='lat' dir='ltr'>insapiens</span> <span class='ocrx_word' id='word_1_159' title='bbox 1225 3532 1282 3585; x_wconf 84' lang='lat' dir='ltr'>et</span> <span class='ocrx_word' id='word_1_160' title='bbox 1325 3526 1673 3586; x_wconf 89' lang='lat' dir='ltr'>infacetum!</span> 
     </span>
    </p>

    <p class='ocr_par' dir='ltr' id='par_1_15' title="bbox 325 3778 2436 3908">
     <span class='ocr_line' id='line_1_32' title="bbox 454 3778 2436 3849; baseline -0.002 -11"><span class='ocrx_word' id='word_1_161' title='bbox 454 3784 540 3848; x_wconf 87' lang='grc'>21,</span> <span class='ocrx_word' id='word_1_162' title='bbox 581 3796 645 3835; x_wconf 80' lang='lat'>29.</span> <span class='ocrx_word' id='word_1_163' title='bbox 681 3784 874 3836; x_wconf 81' lang='lat' dir='ltr'>vestra.</span> <span class='ocrx_word' id='word_1_164' title='bbox 908 3780 1030 3833; x_wconf 87' lang='lat' dir='ltr'>DL.</span> <span class='ocrx_word' id='word_1_165' title='bbox 1175 3778 1516 3834; x_wconf 88' lang='lat' dir='ltr'>redditurum</span> <span class='ocrx_word' id='word_1_166' title='bbox 1561 3782 1795 3836; x_wconf 61' lang='lat' dir='ltr'>Charine·</span> <span class='ocrx_word' id='word_1_167' title='bbox 1832 3784 2090 3836; x_wconf 78' lang='lat' dir='ltr'>editiones</span> <span class='ocrx_word' id='word_1_168' title='bbox 2122 3803 2178 3849; x_wconf 80' lang='lat' dir='ltr'>p.</span> <span class='ocrx_word' id='word_1_169' title='bbox 2212 3791 2300 3835; x_wconf 79' lang='lat'>75:</span> <span class='ocrx_word' id='word_1_170' title='bbox 2341 3782 2436 3835; x_wconf 70' lang='lat' dir='ltr'>aed</span> 
     </span>
     <span class='ocr_line' id='line_1_33' title="bbox 325 3852 1262 3908; baseline -0.006 -1"><span class='ocrx_word' id='word_1_171' title='bbox 325 3856 482 3908; x_wconf 79' lang='lat' dir='ltr'>codex</span> <span class='ocrx_word' id='word_1_172' title='bbox 522 3854 716 3907; x_wconf 69' lang='lat' dir='ltr'>Catulli·</span> <span class='ocrx_word' id='word_1_173' title='bbox 751 3854 912 3905; x_wconf 81' lang='lat' dir='ltr'>verba</span> <span class='ocrx_word' id='word_1_174' title='bbox 946 3870 1056 3904; x_wconf 84' lang='lat' dir='ltr'>non</span> <span class='ocrx_word' id='word_1_175' title='bbox 1092 3852 1262 3904; x_wconf 77' lang='lat' dir='ltr'>habet.</span> 
     </span>
    </p>

    <p class='ocr_par' dir='ltr' id='par_1_16' title="bbox 316 3936 2434 4276">
     <span class='ocr_line' id='line_1_34' title="bbox 454 3936 2320 4008; baseline -0.004 -13"><span class='ocrx_word' id='word_1_176' title='bbox 454 3943 543 4005; x_wconf 83' lang='lat'>22,</span> <span class='ocrx_word' id='word_1_177' title='bbox 582 3954 618 3991; x_wconf 89' lang='lat'>1.</span> <span class='ocrx_word' id='word_1_178' title='bbox 659 3942 1073 4008; x_wconf 81' lang='lat' dir='ltr'>Prosequamur</span> <span class='ocrx_word' id='word_1_179' title='bbox 1110 3940 1183 3989; x_wconf 98' lang='lat' dir='ltr'>D.</span> <span class='ocrx_word' id='word_1_180' title='bbox 1326 3951 1365 3987; x_wconf 87' lang='lat'>2.</span> <span class='ocrx_word' id='word_1_181' title='bbox 1404 3936 1501 3991; x_wconf 85' lang='lat' dir='ltr'>illa</span> <span class='ocrx_word' id='word_1_182' title='bbox 1538 3938 1969 3991; x_wconf 72' lang='lat' dir='ltr'>Laurentianus:</span> <span class='ocrx_word' id='word_1_183' title='bbox 2011 3940 2159 3992; x_wconf 89' lang='lat' dir='ltr'>illam</span> <span class='ocrx_word' id='word_1_184' title='bbox 2200 3937 2320 3991; x_wconf 92' lang='lat' dir='ltr'>DL.</span> 
     </span>
     <span class='ocr_line' id='line_1_35' title="bbox 317 4008 2294 4075; baseline -0.002 -13"><span class='ocrx_word' id='word_1_185' title='bbox 317 4027 358 4062; x_wconf 84' lang='lat'>3.</span> <span class='ocrx_word' id='word_1_186' title='bbox 398 4011 646 4066; x_wconf 83' lang='lat' dir='ltr'>mirmi&#39;ee</span> <span class='ocrx_word' id='word_1_187' title='bbox 686 4014 756 4075; x_wconf 92' lang='lat' dir='ltr'>D,</span> <span class='ocrx_word' id='word_1_188' title='bbox 794 4009 1044 4063; x_wconf 86' lang='lat' dir='ltr'>miriniee</span> <span class='ocrx_word' id='word_1_189' title='bbox 1082 4008 1146 4059; x_wconf 92' lang='lat' dir='ltr'>L.</span> <span class='ocrx_word' id='word_1_190' title='bbox 1188 4010 1415 4061; x_wconf 75' lang='lat' dir='ltr'>correxit</span> <span class='ocrx_word' id='word_1_191' title='bbox 1458 4008 1749 4062; x_wconf 77' lang='lat' dir='ltr'>Turnebus.</span> <span class='ocrx_word' id='word_1_192' title='bbox 1926 4022 1966 4059; x_wconf 80' lang='lat'>4.</span> <span class='ocrx_word' id='word_1_193' title='bbox 2006 4010 2194 4063; x_wconf 80' lang='lat' dir='ltr'>cat-ulli</span> <span class='ocrx_word' id='word_1_194' title='bbox 2232 4009 2294 4059; x_wconf 89' lang='lat' dir='ltr'>L.</span> 
     </span>
     <span class='ocr_line' id='line_1_36' title="bbox 316 4078 2434 4141; baseline 0 -10"><span class='ocrx_word' id='word_1_195' title='bbox 316 4095 358 4135; x_wconf 80' lang='lat'>⁷.</span> <span class='ocrx_word' id='word_1_196' title='bbox 395 4102 478 4135; x_wconf 86' lang='lat' dir='ltr'>om</span> <span class='ocrx_word' id='word_1_197' title='bbox 515 4084 588 4133; x_wconf 91' lang='lat' dir='ltr'>D.</span> <span class='ocrx_word' id='word_1_198' title='bbox 729 4093 790 4131; x_wconf 83' lang='grc' dir='ltr'>ιο.</span> <span class='ocrx_word' id='word_1_199' title='bbox 829 4080 972 4133; x_wconf 82' lang='lat' dir='ltr'>satis</span> <span class='ocrx_word' id='word_1_200' title='bbox 1011 4082 1196 4132; x_wconf 83' lang='lat' dir='ltr'>tamen</span> <span class='ocrx_word' id='word_1_201' title='bbox 1237 4079 1344 4131; x_wconf 91' lang='lat' dir='ltr'>hoe</span> <span class='ocrx_word' id='word_1_202' title='bbox 1382 4078 1444 4141; x_wconf 88' lang='lat' dir='ltr'>L,</span> <span class='ocrx_word' id='word_1_203' title='bbox 1486 4081 1671 4132; x_wconf 83' lang='lat' dir='ltr'>tamen</span> <span class='ocrx_word' id='word_1_204' title='bbox 1712 4080 1851 4133; x_wconf 85' lang='lat' dir='ltr'>satis</span> <span class='ocrx_word' id='word_1_205' title='bbox 1890 4080 1995 4133; x_wconf 87' lang='lat' dir='ltr'>hoc</span> <span class='ocrx_word' id='word_1_206' title='bbox 2034 4080 2434 4133; x_wconf 72' lang='lat' dir='ltr'>Laurentianus</span> 
     </span>
     <span class='ocr_line' id='line_1_37' title="bbox 317 4148 2327 4212; baseline -0.002 -7"><span class='ocrx_word' id='word_1_207' title='bbox 317 4164 365 4206; x_wconf 77' lang='lat' dir='ltr'>et</span> <span class='ocrx_word' id='word_1_208' title='bbox 403 4154 816 4206; x_wconf 76' lang='lat' dir='ltr'>Biccardianus.</span> <span class='ocrx_word' id='word_1_209' title='bbox 933 4162 993 4200; x_wconf 84' lang='lat'>12.</span> <span class='ocrx_word' id='word_1_210' title='bbox 1033 4149 1205 4202; x_wconf 87' lang='lat' dir='ltr'>Ferre</span> <span class='ocrx_word' id='word_1_211' title='bbox 1247 4151 1280 4200; x_wconf 84' lang='grc' dir='ltr'><strong>ό</strong></span> <span class='ocrx_word' id='word_1_212' title='bbox 1319 4148 1381 4212; x_wconf 93' lang='lat' dir='ltr'>L,</span> <span class='ocrx_word' id='word_1_213' title='bbox 1419 4148 1647 4201; x_wconf 87' lang='lat' dir='ltr'>Ferrum</span> <span class='ocrx_word' id='word_1_214' title='bbox 1689 4153 1721 4202; x_wconf 87' lang='grc' dir='ltr'>ὁ</span> <span class='ocrx_word' id='word_1_215' title='bbox 1759 4153 1828 4202; x_wconf 93' lang='lat' dir='ltr'>D.</span> <span class='ocrx_word' id='word_1_216' title='bbox 1936 4163 1996 4199; x_wconf 79' lang='lat'>16.</span> <span class='ocrx_word' id='word_1_217' title='bbox 2037 4149 2171 4202; x_wconf 91' lang='lat' dir='ltr'>nihil</span> <span class='ocrx_word' id='word_1_218' title='bbox 2208 4150 2327 4201; x_wconf 92' lang='lat' dir='ltr'>DL.</span> 
     </span>
     <span class='ocr_line' id='line_1_38' title="bbox 318 4218 2433 4276; baseline -0.002 0"><span class='ocrx_word' id='word_1_219' title='bbox 318 4222 394 4276; x_wconf 91' lang='lat' dir='ltr'>nil</span> <span class='ocrx_word' id='word_1_220' title='bbox 432 4225 504 4276; x_wconf 90' lang='lat' dir='ltr'>D.</span> <span class='ocrx_word' id='word_1_221' title='bbox 673 4234 734 4275; x_wconf 84' lang='lat'>17.</span> <span class='ocrx_word' id='word_1_222' title='bbox 775 4220 938 4274; x_wconf 86' lang='lat' dir='ltr'>nobis</span> <span class='ocrx_word' id='word_1_223' title='bbox 976 4220 1094 4271; x_wconf 90' lang='lat' dir='ltr'>DL.</span> <span class='ocrx_word' id='word_1_224' title='bbox 1265 4230 1327 4270; x_wconf 83' lang='lat'>27.</span> <span class='ocrx_word' id='word_1_225' title='bbox 1370 4218 1450 4273; x_wconf 88' lang='grc'><strong>05</strong></span> <span class='ocrx_word' id='word_1_226' title='bbox 1486 4218 1646 4273; x_wconf 89' lang='lat' dir='ltr'>edum</span> <span class='ocrx_word' id='word_1_227' title='bbox 1694 4218 2093 4275; x_wconf 72' lang='lat' dir='ltr'>Laurentianus</span> <span class='ocrx_word' id='word_1_228' title='bbox 2132 4231 2181 4274; x_wconf 78' lang='lat' dir='ltr'>et</span> <span class='ocrx_word' id='word_1_229' title='bbox 2216 4220 2433 4275; x_wconf 84' lang='lat' dir='ltr'>Riccar-</span> 
     </span>
    </p>
   </div>
   <div class='ocr_carea' id='block_1_5' title="bbox 273 4295 536 4348">
    <p class='ocr_par' dir='ltr' id='par_1_17' title="bbox 273 4295 536 4348">
     <span class='ocr_line' id='line_1_39' title="bbox 273 4295 536 4348; baseline -0.004 -2"><span class='ocrx_word' id='word_1_230' title='bbox 273 4315 278 4320; x_wconf 93' lang='lat'><strong>·</strong></span> <span class='ocrx_word' id='word_1_231' title='bbox 324 4295 536 4348; x_wconf 78' lang='lat' dir='ltr'>dianus.</span> 
     </span>
    </p>
   </div>
  </div>
 </body>
</html>
