3364 5328
891 614 972 676 60
1560 611 1969 669 OATULLUS
2008 617 2092 678 66,
2126 623 2149 668 7
2167 646 2227 655 -
2244 627 2326 671 35.

1061 790 1217 847 ld’em
1264 807 1358 847 me
1405 791 1504 848 ille
1549 790 1757 848 Conon
1797 792 2028 850 caelesti
2078 793 2317 850 numine
2366 792 2505 850 vidit

983 887 1034 923 3⁰
1144 877 1186 932 Ε
1233 876 1548 934 Bereniceo
1596 877 1813 934 vertice
1858 879 2174 936 caesariem

935 958 1011 1015 57
1062 960 1406 1034 Fulgentem
1453 962 1626 1032 clare,
1675 979 1850 1036 quam
1900 964 2097 1021 multis
2143 963 2241 1021 illa
2288 964 2531 1023 dearum

1145 1047 1321 1104 Levia
1365 1048 1724 1120 protendens
1771 1049 2010 1107 brachia
2053 1049 2398 1122 pollicita'st‚

1062 1133 1189 1198 Qua
1235 1148 1338 1189 rex
1383 1140 1728 1206 tempestate
1775 1149 1929 1192 novo
1977 1142 2183 1192 auc-tus
2231 1136 2557 1208 hymenaeo

1147 1218 1447 1276 vastatum
1494 1218 1625 1276 finis
1669 1219 1857 1277 iverat
1901 1220 2188 1293 Assyrio&

1006 1315 1029 1351 5
1061 1303 1255 1377 Dulcia
1301 1310 1626 1362 nocturnae
1671 1312 1912 1377 portans
1959 1306 2201 1379 vestigia
2243 1306 2425 1378 rixae,
2466 1344 2469 1346 ψ

1145 1389 1332 1457 Quam
1381 1390 1454 1446 de
1500 1389 1775 1462 virgineis
1821 1398 2084 1464 gesserat
2127 1392 2367 1450 exuviis,

1064 1476 1241 1531 Estne
1287 1474 1454 1532 novis
1500 1475 1698 1547 nuptis
1745 1476 1880 1533 odio
1927 1472 2166 1534 Venus?
2213 1494 2368 1536 anne
2412 1487 2719 1553 parentum

1144 1560 1185 1615 F
1191 1566 1525 1617 rustrantur
1569 1560 1735 1617 falsis
1781 1561 1991 1634 gaudia
2037 1562 2372 1627 lacrimulis,

1062 1645 1320 1702 Ubertim
1365 1645 1604 1702 thalami
1651 1662 1797 1718 quas
1840 1647 1993 1704 intra
2036 1648 2235 1705 limina
2282 1645 2579 1708 fundunt?

985 1742 1032 1778 10
1145 1730 1290 1801 Non,
1334 1730 1413 1788 ita
1458 1747 1550 1787 me
1600 1730 1735 1801 divi,
1783 1747 1922 1789 vera
1968 1741 2229 1807 gemunt,
2276 1734 2509 1793 inerint.

1065 1817 1126 1873 ld
1172 1831 1304 1872 mea
1347 1833 1441 1874 mc
1489 1817 1689 1875 multis
1734 1818 1930 1875 docuit
1975 1818 2180 1892 regina
2224 1821 2478 1892 querelis

1147 1903 1440 1960 Invisente
1485 1917 1640 1960 novo
1687 1903 1911 1977 proelia
1956 1911 2124 1962 torva
2170 1905 2316 1963 viro,

1063 1987 1136 2045 At
1180 1994 1243 2044 tu
1291 2004 1410 2046 non
1457 1989 1668 2046 orbum
1712 1990 1856 2047 luxti
1906 1991 2137 2049 deserta
2182 1992 2391 2061 cubile,

1150 2073 1265 2130 Sed
1312 2074 1506 2131 fratris
1552 2075 1669 2132 cari
1715 2074 1910 2133 flebile
1956 2073 2306 2134 discidium?

986 2172 1032 2208 15
1063 2160 1209 2216 Cum
1258 2161 1488 2232 penitus
1532 2167 1787 2218 maestas
1833 2162 2027 2218 exedit
2068 2178 2207 2219 cura
2255 2161 2573 2221 medullas!

1150 2245 1222 2301 Ut
1266 2244 1368 2301 tibi
1416 2251 1556 2301 tunc
1601 2252 1725 2302 toto
1770 2252 2006 2317 pectore
2050 2247 2332 2305 sollicitae

1061 2328 1344 2387 Sensibus
1389 2330 1602 2401 ereptis
1648 2345 1816 2386 mens
1863 2328 2099 2387 excidit!
2150 2338 2209 2387 a‘t
2254 2337 2308 2388 te
2355 2348 2463 2405 ego
2510 2342 2664 2392 certe

1146 2413 1475 2486 Cognoram
1525 2431 1558 2470 a
1604 2429 1785 2486 parva
1827 2414 2052 2487 virgine
2097 2417 2550 2489 magnanimam.

1062 2497 1227 2555 Anne
1272 2498 1497 2556 bonum
1545 2499 1726 2555 oblita
1772 2514 1834 2556 es
1879 2499 2121 2569 facium,
2166 2517 2283 2573 quo
2331 2503 2555 2576 regium
2604 2498 2865 2577 adepta's

926 2587 927 2591 ’
982 2591 1034 2627 20
1146 2582 1516 2656 Coniugium,
1565 2598 1685 2655 quo
1731 2598 1850 2640 non
1899 2583 2107 2641 fortius
2154 2587 2307 2642 ausit
2351 2584 2500 2644 alis?

1044 2668 1175 2725 'Sed
1221 2676 1345 2725 tum
1391 2675 1616 2726 maesta
1661 2668 1850 2725 virum
1898 2670 2133 2726 mittens
2179 2686 2331 2740 quae
2376 2673 2557 2729 verba
2601 2675 2790 2732 locuta
2842 2674 2931 2732 es!
2982 2696 2987 2700 ⁹

1145 2753 1424 2826 luppiter,
1472 2760 1538 2809 ut
1580 2752 1730 2811 tristi
1774 2752 1996 2809 lumina
2041 2769 2218 2826 saepe
2264 2752 2471 2811 manu!
2525 2793 2528 2796 >

1013 2828 1020 2833 ’
1062 2838 1203 2906 Quis
1246 2846 1303 2897 te
1349 2839 1594 2896 mutavit
1637 2844 1837 2895 tantus
1884 2834 2070 2896 deus?
2119 2854 2191 2895 an
2241 2840 2399 2911 quod
2443 2847 2707 2897 amantes

1148 2924 1274 2982 Non
1319 2926 1496 2998 longe
1544 2941 1575 2981 a
1624 2938 1760 2980 caro
1807 2939 2053 2996 corpore
2098 2925 2306 2981 abesse
2351 2920 2600 2982 volunt?

979 3021 1029 3058 25
1060 3009 1250 3081 Atque
1296 3010 1373 3072 ibi
1419 3026 1514 3067 mc
1557 3009 1780 3070 cunctis
1824 3025 1931 3082 pro
1979 3009 2132 3066 dulci
2178 3009 2426 3083 coniuge
2474 3007 2634 3067 divis

1150 3096 1274 3153 Non
1322 3097 1450 3154 sine
1496 3095 1729 3153 taurino
1776 3095 2065 3168 sanguiue
2112 3094 2433 3170 pollicitae,

1063 3182 1120 3238 Si
1168 3182 1420 3240 reditum
1466 3181 1775 3238 tetulisset.
1839 3180 1887 3237 is
1932 3182 2076 3237 haut
2121 3180 2174 3237 in
2224 3187 2486 3253 tempore
2529 3181 2708 3253 longo

1029 3334 1115 3396 56,
1153 3345 1215 3383 29.
1255 3333 1307 3384 in
1346 3331 1550 3384 lumine
1589 3329 1819 3382 Vossius,
1932 3330 2070 3383 fecit
2099 3350 2168 3395 pr
2194 3330 2258 3379 L.
2373 3342 2435 3380 30.
2477 3329 2657 3383 Ebot-e
2699 3331 2860 3385 niceo
2893 3334 2999 3381 DL.

893 3405 1028 3470 conf.
1068 3404 1267 3458 anthol.
1308 3403 1424 3453 Lat.
1464 3411 1510 3466 3,
1562 3409 1670 3464 172,
1713 3409 1759 3450 8.
2952 3464 2956 3468 ·

1029 3490 1115 3551 57,
1153 3501 1189 3538 1.
1231 3488 1361 3542 dare
1387 3489 1809 3540 Laurentianus.
1920 3485 2394 3539 cunetis-deorum
2423 3486 2713 3554 Hauptius.
2842 3501 2879 3536 2.
2920 3494 3007 3542 est

895 3560 1034 3610 libri.
1177 3573 1216 3609 3.
1258 3561 1440 3625 Quare
1480 3575 1549 3609 ex
1587 3557 1705 3608 DL.
1850 3570 1888 3606 4.
1931 3558 2167 3610 Vastum
2207 3558 2269 3607 L.
2379 3557 2518 3610 fines
2557 3561 2626 3609 D.
2738 3558 2881 3610 ierat
2909 3561 2971 3609 L.

890 3642 929 3677 6.
959 3628 1026 3681 al.
1055 3628 1272 3681 eximiis
1300 3647 1481 3695 mai-90
1510 3630 1573 3679 L.
1682 3639 1719 3676 7.
1749 3631 1915 3696 atque
1942 3629 2063 3678 DL.
2171 3640 2209 3677 9.
2238 3627 2381 3680 inter
2411 3628 2617 3681 lumina
2643 3626 2705 3679 L.
2824 3640 2887 3679 10.
2915 3628 3008 3683 diu

893 3700 956 3748 L.
1075 3699 1311 3752 iuverint
1335 3700 1455 3751 DL.
1599 3711 1660 3747 13.
1700 3699 1793 3750 An
1833 3698 1981 3750 Itali.
2102 3698 2288 3750 lusisti
2323 3700 2392 3749 D.
2534 3710 2595 3748 14.
2635 3696 2908 3750 desidium
2936 3703 3006 3763 D,

893 3768 1184 3822 dissidium
1213 3768 1276 3819 L.
1342 3796 1349 3799 ·
1418 3782 1477 3818 15.
1521 3769 1694 3835 Quam
1733 3769 2028 3820 Bentleius.
2059 3770 2238 3838 possis
2274 3769 2432 3820 etiam
2471 3768 2629 3820 Tum.
2774 3780 2837 3818 16.
2877 3774 3009 3823 tunc

901 3840 1314 3892 Laurentianus.-
1360 3855 1503 3893 nunc
1539 3839 1660 3890 DL.
1807 3838 2079 3892 sollicitet
2113 3838 2230 3891 DL.
2396 3849 2457 3887 17.
2488 3838 2702 3894 erectis
2742 3838 2805 3888 J..
2953 3847 3009 3892 te

892 3911 1108 3962 addidit
1155 3908 1384 3962 Vossius.
1565 3921 1624 3959 18.
1666 3908 1975 3975 Cognatam
2016 3928 2090 3975 pr
2127 3909 2188 3959 L.
2362 3908 2715 3975 magnanima
2753 3908 2811 3959 L.
2870 3914 3010 3979 conf.

895 3979 1097 4048 Hygia.
1131 3991 1270 4049 poet.
1309 3992 1438 4033 aar.
1478 3990 1526 4044 2,
1568 3990 1648 4029 24.
1795 3991 1857 4028 19.
1895 3980 2095 4031 bonam
2135 3981 2202 4030 D.
2350 3981 2440 4046 est
2477 3976 2541 4031 L.
2684 3980 2832 4046 quod
2872 3982 3009 4031 Lan-

894 4053 1182 4113 rentianus‚
1221 4067 1381 4119 quam
1410 4050 1530 4103 DL.
1675 4048 1914 4117 adeptus
1954 4050 2054 4115 (om
2093 4050 2177 4114 es)
2207 4048 2328 4100 DL.
2447 4060 2507 4099 20.
2549 4046 2694 4118 quod
2726 4049 2790 4099 L.
2901 4051 3008 4104 for·

893 4121 1004 4172 tior
1041 4125 1137 4175 aut
1173 4121 1250 4174 eit
1286 4122 1404 4173 DL.
1546 4133 1609 4170 25.
1650 4134 1734 4171 me
1777 4120 2087 4171 Colotiusec
2124 4120 2406 4171 Pera-eius.-
2445 4135 2545 4188 pro
2585 4118 2699 4172 DL.
2844 4134 2905 4173 26.
2947 4137 3008 4174 ee

896 4192 1036 4242 libri.
1178 4204 1240 4243 27.
1277 4197 1334 4246 te
1371 4191 1600 4245 tulisset
1635 4191 1923 4243 Parisinus
1963 4197 2010 4241 et
2048 4189 2461 4253 Laurentianus,
2501 4189 2818 4244 rettulisset
2854 4190 2976 4243 DL.

895 4264 991 4313 aut
1027 4261 1146 4312 DL.
