3364 5328
952 640 1036 703 ’το
1567 634 1984 692 OATULLUS
2020 636 2107 701 69,
2153 637 2370 703 1-72,
2412 646 2459 689 6.

1122 807 1265 907 Non
1311 848 1605 921 admirari,
1653 864 1837 921 quare
1880 849 1984 908 tibi
2029 849 2245 907 femina
2291 849 2470 919 nulla,

1207 934 1374 1003 Rufe,
1421 933 1561 992 velit
1604 941 1877 993 tenerum
1922 934 2304 1009 supposuisse
2347 934 2555 1005 femur,

1123 1018 1249 1076 Non
1294 1019 1341 1076 si
1390 1019 1547 1077 illam
1594 1036 1763 1078 rarae
1807 1020 2125 1078 labefactes
2169 1035 2413 1078 munere
2460 1019 2637 1078 vestis

1211 1103 1327 1162 Aut
1368 1105 1718 1179 perluciduli
1766 1106 1984 1164 deliciis
2027 1105 2256 1178 lapidis.
2717 1093 2744 1114 ⁶

1041 1202 1093 1241 2⁵
1118 1190 1324 1248 Laedit
1368 1198 1424 1248 te
1470 1193 1763 1263 quaedam
1807 1192 1960 1249 mala
2004 1192 2224 1261 fabula,
2271 1207 2389 1264 qua
2434 1191 2537 1249 tibi
2582 1190 2767 1249 fertur

1207 1276 1371 1334 Valle
1414 1278 1526 1335 sub
1573 1278 1803 1334 alarum
1848 1285 1982 1335 trux
2026 1276 2293 1336 habitare
2339 1292 2531 1351 caper.

1123 1362 1292 1420 Hunc
1319 1368 1592 1419 metuunt
1622 1376 1845 1419 omneS.
1894 1378 2088 1436 neque
2119 1363 2363 1420 mirum:
2411 1378 2548 1420 nam
2589 1363 2742 1419 mala
2774 1363 2944 1422 valde
2978 1371 3067 1422 est

1102 1446 1119 1452 “
1210 1447 1422 1518 Bestia,
1469 1462 1578 1505 nec
1622 1447 1859 1521 quicum
1902 1448 2057 1506 bella
2099 1448 2296 1521 puella
2340 1449 2533 1507 cubet.

1124 1534 1320 1603 Quare
1363 1538 1467 1591 aut
1511 1533 1813 1591 crudelem
1859 1548 2138 1592 nasorum
2183 1534 2443 1593 interfice
2485 1541 2730 1608 pestem,

1044 1634 1096 1672 30
1206 1617 1323 1677 Aut
1365 1616 1641 1676 admirari
1690 1618 1892 1678 desine
1936 1634 2040 1678 cur
2084 1619 2334 1694 fugiunt.

999 1808 1078 1870 67
1126 1770 1293 1868 Nulli
1337 1824 1403 1867 se
1447 1808 1585 1865 dicit
1628 1808 1843 1867 mulier
1886 1824 2017 1867 mea
2062 1808 2287 1867 nubere
2330 1810 2506 1870 malle

1213 1896 1403 1965 Quam
1446 1893 1607 1966 mihi,
1653 1909 1775 1953 non
1821 1894 1870 1952 si
1914 1909 1979 1953 se
2022 1895 2282 1968 luppiter
2327 1896 2452 1969 ipse
2497 1904 2675 1972 petat.

1121 1982 1297 2040 Dicit:
1343 1980 1449 2037 sed
1495 1979 1706 2037 mulier
1750 1980 1962 2054 cupido
2009 1982 2169 2054 quod
2217 1981 2356 2040 dicit
2398 1983 2637 2056 amanti,

1209 2068 1273 2124 ln
1320 2071 1496 2126 vento
1541 2071 1599 2123 et
1642 2066 1849 2138 rapida
1891 2067 2150 2125 scribere
2194 2074 2427 2140 oportet
2470 2084 2641 2142 aqua.

1070 2270 1095 2309 5
1122 2216 1194 2315 Si
1241 2256 1398 2328 quoi,
1444 2255 1630 2323 Virr0,
1677 2254 1837 2311 hono
1882 2269 2186 2313 sacrorum
2231 2256 2457 2315 obstitit
2499 2257 2717 2327 hircuS,

1207 2340 1325 2398 Aut
1364 2340 1414 2398 si
1460 2354 1635 2412 quem
1679 2338 1888 2396 merito
1932 2340 2102 2397 tarda
2144 2341 2408 2415 podagra
2452 2350 2628 2413 secat,

1120 2426 1402 2484 Aemulus
1445 2425 1555 2482 iste
1598 2431 1757 2495 tuuS,
1805 2424 1905 2497 qui
1951 2431 2212 2483 vestrum
2259 2435 2490 2486 exercet
2534 2443 2817 2499 amorem,

1205 2510 1442 2568 Mirifice
1488 2515 1575 2566 est
1618 2524 1652 2566 a
1696 2516 1755 2566 te
1798 2516 2006 2568 nactus
2051 2517 2351 2585 utrunque
2395 2513 2635 2572 malum.

1119 2598 1264 2654 Nam
1310 2594 1583 2669 quotiens
1610 2594 1821 2664 futuit,
1868 2595 2085 2653 totiens
2131 2598 2427 2656 ulciscitur
2471 2600 2677 2657 ambos
2695 2618 2717 2656 :-

1041 2695 1092 2734 10
1204 2682 1368 2741 Illam
1412 2679 1617 2754 affligit
1661 2681 1863 2750 odore,
1911 2681 2038 2753 ipse
2081 2683 2237 2755 perit
2280 2684 2562 2757 podagra.

1124 2835 1383 2932 Dicebas
1429 2869 1732 2943 quondam
1775 2869 1971 2927 solum
2015 2876 2072 2928 te
2117 2884 2295 2929 nosse
2335 2870 2647 2942 Catullum,

1206 2956 1435 3026 Lesbia,
1482 2970 1591 3014 nec
1635 2970 1777 3028 prae
1822 2971 1916 3013 me
1961 2956 2112 3014 velle
2157 2963 2359 3015 tenere
2401 2958 2618 3015 lovem.

1124 3044 1307 3103 Dilexi
1351 3050 1476 3101 tum
1519 3048 1578 3099 te
1622 3055 1744 3099 non
1790 3047 2019 3099 tantum
2066 3048 2132 3100 ut
2174 3043 2389 3117 vulgus
2434 3042 2700 3115 amicam,

1208 3130 1322 3189 Sed
1368 3134 1533 3201 pater
1577 3133 1643 3183 ut
1689 3133 1900 3200 gnatos
1947 3127 2135 3202 diligit
2181 3134 2239 3186 et
2282 3144 2553 3202 generoS.

1041 3228 1090 3268 15
1115 3218 1282 3275 Nunc
1326 3221 1383 3271 te
1429 3212 1711 3287 cognovi:
1759 3228 1944 3285 quare
1989 3213 2098 3271 etsi
2142 3206 2467 3288 impensius
2515 3230 2673 3286 uror,

1205 3300 1387 3359 Multo
1433 3299 1512 3357 mi
1558 3305 1756 3356 tamen
1803 3313 1865 3357 es
1911 3298 2083 3357 vilior
2129 3305 2186 3358 et
2228 3300 2453 3381 levior.⁴

1090 3471 1175 3532 66,
1216 3474 1418 3520 21—30
1457 3483 1537 3517 om
1561 3467 1616 3517 D
1653 3476 1703 3517 et
1729 3464 2138 3521 Riccardianua.
2246 3480 2307 3517 22.
2347 3466 2507 3521 Ruffe
2535 3468 2596 3520 L.
2702 3480 2762 3518 23.
2799 3463 2930 3517 Nos·
2960 3464 3062 3516 illa

949 3556 1097 3595 mare
1134 3540 1208 3604 L,
1247 3538 1560 3600 Pariainus,
1609 3537 2028 3589 Laurentinum.
2079 3540 2307 3591 correxit
2340 3540 2608 3591 Avantius
2646 3539 2700 3588 in
2736 3536 2861 3588 Αἶά.
2907 3543 3059 3586 1502.

1019 3610 1333 3664 labefactos
1370 3608 1657 3659 Paris-inm
1696 3617 1745 3659 et
1782 3605 2198 3660 Laurentianus.
2307 3621 2369 3662 24.
2407 3624 2508 3680 pro
2548 3606 2775 3663 luciduli
2811 3606 2987 3658 iidem.

948 3695 1011 3737 28.
1048 3697 1154 3735 nec
1192 3695 1315 3734 cum
1342 3695 1452 3748 qua
1477 3678 1542 3743 L,
1580 3678 1693 3740 sed,
1734 3688 1992 3745 quantum
2017 3680 2143 3743 scio,
2182 3680 2345 3733 solus.
2401 3693 2506 3733 nec
2533 3678 2624 3733 cui
2661 3692 2783 3731 cum
2825 3676 3061 3729 Lauren-

952 3755 1147 3807 liunus.

1088 3873 1174 3936 67,
1210 3883 1250 3922 4.
1287 3869 1484 3924 rabida
1519 3870 1582 3926 L.
1704 3881 1743 3919 5.
1783 3841 1892 3939 qug.
1927 3870 2001 3934 L,
2050 3885 2159 3939 qua
2204 3873 2275 3936 D,
2316 3886 2426 3941 quo
2465 3871 2885 3924 Laurentianus·

947 3944 1067 3998 viro
1104 3943 1223 3996 DL.
1262 3942 1380 3995 iure
1420 3939 1712 4009 Hauptiue.
1821 3940 1990 4008 bono]
2029 3940 2236 3994 homini
2266 3943 2558 3995 Guarinus.
2669 3956 2829 3995 sacer
2854 3939 3063 3992 alarum

953 4013 1102 4066 Itali.
1210 4012 1389 4065 obstit
1424 4012 1492 4061 D.
1601 4015 1640 4065 6:
1680 4026 1842 4080 quam
1882 4011 2001 4064 DL.
2112 4014 2273 4065 secat
2305 4014 2392 4065 D.-
2431 4026 2621 4065 secum
2658 4012 2723 4063 L.
2839 4023 2879 4062 a.
2917 4013 3062 4063 Mor-

949 4084 1054 4138 fice
1091 4086 1162 4135 D.
1274 4081 1511 4136 Mirifico
1551 4086 1641 4135 est
1678 4083 1794 4135 fato
1836 4082 2175 4148 Godofredua
2213 4081 2578 4135 Hermannue.
2693 4094 2732 4137 9.
2770 4081 2959 4134 futivit
2994 4083 3065 4131 D.

1017 4166 1077 4204 11.
1117 4153 1350 4207 Dicabis
1376 4155 1446 4205 D.
1555 4165 1618 4208 13.
1656 4157 1772 4206 tum
1809 4153 2213 4205 Laurentianus
2250 4163 2300 4205 et
2334 4171 2519 4222 marqo
2555 4153 2630 4203 L.-
2667 4155 2801 4206 tunc
2825 4153 2896 4216 D,
2937 4166 3062 4203 num

948 4225 1017 4279 L.
1130 4235 1193 4278 14.
1229 4227 1392 4277 natos
1430 4223 1492 4274 L.
1605 4227 1662 4276 et
1699 4222 1775 4275 L.-
1812 4226 1872 4275 at
1906 4224 1975 4277 D.
2093 4234 2155 4292 167
2192 4223 2267 4275 mi
2302 4227 2490 4278 tamen
2528 4239 2591 4278 es
2628 4221 2879 4292 Baptista
2921 4222 3062 4275 Gua-

950 4296 1123 4348 rinus:
1163 4293 1242 4349 ita
1278 4310 1365 4350 me
1403 4309 1508 4350 nec
1545 4312 1641 4349 -ε
1680 4296 1753 4362 D,
1791 4293 1873 4347 ita
1910 4308 1994 4347 me
2032 4308 2137 4347 nec
2175 4294 2241 4346 L.
