3364 5328
915 572 996 637 72
1535 570 1951 627 GATULLUS
1989 571 2074 637 77,
2114 573 2321 637 9-82,
2359 581 2408 629 2.

1087 750 1303 808 Verum
1346 748 1407 806 id
1452 762 1572 807 non
1618 749 1861 824 impune
1904 750 2088 810 feres:
2136 766 2272 809 nam
2315 756 2374 809 te
2420 750 2616 809 omnia
2656 751 2854 810 saecla

1003 847 1055 887 10
1168 835 1438 905 Noscent‚
1485 840 1542 892 et
1587 835 1686 907 qui
1733 835 1814 893 sis
1859 835 2012 895 fama
2057 838 2333 912 loquetur
2378 851 2548 895 anus,

1090 987 1302 1082 Gallus
1349 1024 1527 1082 habet
1567 1026 1797 1099 fratres,
1846 1041 2098 1102 quorum
2146 1033 2234 1084 est
2273 1025 2634 1100 lepidissima
2679 1025 2937 1085 coniunx

1171 1110 1445 1180 AlteriuS,
1492 1110 1723 1185 lepidus
1768 1113 1921 1172 filius
1966 1111 2225 1170 alterius.

1089 1197 1292 1255 Gallus
1334 1197 1512 1253 homo
1559 1205 1648 1256 est
1690 1198 1911 1257 bellus:
1967 1213 2101 1255 nam
2150 1199 2352 1257 dulces
2396 1199 2585 1273 iungit
2630 1212 2881 1267 amoreS‚

1174 1281 1321 1339 Cum
1349 1279 1551 1354 ‘puero
1596 1292 1661 1341 ut
1706 1285 1861 1343 bello
1907 1283 2061 1342 bella
2104 1284 2304 1358 puella
2348 1285 2539 1344 cubet.

1091 1367 1291 1426 Gallus
1335 1367 1514 1425 homo
1561 1376 1650 1427 est
1692 1370 1908 1428 stultus
1955 1385 2066 1428 nec
2108 1386 2174 1428 56
2219 1370 2377 1429 videt
2421 1384 2551 1429 esse
2596 1369 2888 1440 maritum,

1176 1453 1286 1524 Qui
1331 1460 1577 1528 patruus
1621 1455 1816 1530 patrui
1861 1462 2149 1515 monstret
2194 1456 2566 1516 adulterium.

1011 1660 1061 1700 11
1088 1609 1347 1704 Lesbius
1392 1650 1481 1702 est
1525 1645 1798 1718 pulcher:
1844 1644 1986 1719 quid
2029 1640 2132 1704 ni?
2180 1661 2355 1718 quem
2401 1645 2613 1705 Lesbia
2656 1643 2819 1703 malit

1178 1731 1369 1800 Quam
1414 1736 1472 1788 te
1519 1745 1654 1790 cum
1700 1736 1822 1789 tota
1867 1737 2060 1805 gente,
2109 1730 2353 1803 Catulle,
2401 1738 2522 1791 tua.

1092 1818 1205 1879 Sed
1254 1823 1448 1874 tamen
1497 1816 1592 1874 hic
1636 1817 1882 1890 pulcher
1924 1817 2143 1876 vendat
2186 1833 2318 1875 cum
2363 1823 2536 1893 gente
2584 1816 2890 1886 Catullum,

1179 1901 1238 1961 Si
1283 1902 1393 1960 tria
1439 1908 1715 1962 natorum
1760 1904 1923 1975 savia
1967 1902 2308 1976 reppererit.

1015 2105 1065 2146 1⁵
1091 2056 1262 2160 (luia
1306 2093 1514 2165 dicam,
1561 2093 1730 2164 oeni,
1777 2108 1959 2166 quare
2004 2107 2173 2155 rosea
2219 2093 2333 2152 ista
2374 2093 2587 2151 labella

1179 2179 1436 2236 Hiberna
1482 2178 1625 2235 fiant
1669 2178 2009 2236 candidiora
2054 2178 2207 2248 nive,

1093 2265 1263 2322 Mane
1309 2264 1485 2320 domo
1532 2278 1666 2320 cum
1715 2262 1836 2320 exis
1882 2269 1938 2319 et
1982 2277 2118 2320 cum
2162 2270 2221 2320 te
2267 2271 2473 2321 octava
2519 2264 2715 2337 quiete

1186 2349 1229 2405 Ε
1274 2348 1435 2405 molli
1478 2349 1657 2420 longo
1704 2347 1948 2405 suscitat
1990 2349 2136 2405 hora
2183 2344 2321 2407 die?

1096 2433 1299 2492 Nescio
1345 2433 1486 2505 quid
1532 2438 1689 2490 certe
1732 2438 1850 2490 est:
1897 2448 1973 2491 an
2017 2449 2156 2492 vere
2199 2434 2355 2494 fama
2398 2442 2667 2494 susurrat

1015 2533 1070 2570 20
1183 2518 1440 2579 Grandia
1484 2524 1542 2574 te
1584 2517 1765 2576 medii
1807 2524 1971 2576 tenta
2016 2533 2224 2578 vorare
2270 2516 2422 2579 viri?

908 2552 1041 2698 N
1098 2604 1195 2663 Sic
1240 2609 1398 2660 certe
1443 2609 1556 2660 est:
1606 2603 1862 2660 clamant
1904 2604 2155 2661 Victoris
2200 2612 2373 2679 rupta
2418 2605 2625 2664 miselli

919 2701 928 2752 ζ
971 2754 974 2757 ,
1042 2703 1043 2708 ’
1181 2688 1303 2758 Ilia,
1352 2695 1410 2748 et
1453 2688 1681 2748 emulso
1726 2689 1893 2747 labra
1938 2694 2139 2748 notata
2182 2705 2336 2748 sero.

1100 2820 1376 2917 Nemone
1420 2860 1476 2917 in
1524 2867 1688 2935 tanto
1732 2860 1927 2933 potuit
1968 2859 2191 2933 populo
2238 2874 2385 2928 6556,
2436 2855 2678 2931 Iuventi,

1185 2945 1382 3003 Bellus
1426 2946 1624 3016 homo,
1672 2962 1849 3019 quem
1894 2952 1958 3003 tu
2006 2945 2250 3018 diligere
2294 2945 2601 3019 incipereS‚

1019 3045 1071 3084 25
1099 3033 1518 3104 Praeterquam
1562 3032 1673 3089 iste
1716 3039 1855 3105 tuus
1899 3031 2258 3089 moribunda
2302 3047 2337 3088 a
2380 3032 2522 3090 sede
2567 3031 2792 3089 Pisauri

1184 3118 1411 3189 Hospes
1454 3117 1727 3175 inaurata
1769 3117 2041 3191 pallidior
2084 3123 2298 3188 statua,

1104 3204 1216 3279 Qui
1260 3201 1365 3260 tibi
1409 3218 1570 3261 nunc
1615 3204 1775 3261 cordi
1822 3208 1930 3272 est,
1975 3218 2154 3278 quem
2199 3208 2260 3261 tu
2308 3216 2676 3276 praeponere
2720 3203 2893 3262 nobis

1188 3287 1407 3359 AudeS‚
1455 3295 1514 3347 et
1556 3289 1750 3347 nescis
1795 3289 1955 3362 quod
2002 3288 2229 3347 facinus
2273 3288 2473 3347 facias,

1106 3443 1338 3550 Quinti,
1385 3479 1434 3537 si
1479 3478 1583 3536 tibi
1627 3478 1715 3536 vis
1761 3476 1967 3535 oculos
2014 3477 2232 3536 debere
2277 3477 2571 3538 Catullum

1026 3578 1080 3618 ³0
1190 3564 1308 3623 Aut
1351 3565 1511 3624 aliud
1556 3563 1750 3637 siquid
1798 3564 1988 3622 carius
2035 3569 2123 3623 est
2166 3564 2369 3635 oculiS‚

1077 3733 1163 3796 68,
1198 3743 1232 3781 9.
1276 3730 1341 3784 Id
1380 3747 1565 3784 verum
1603 3745 1714 3783 non
1753 3730 1867 3781 DL.
1976 3742 2041 3782 10.
2078 3730 2171 3799 qui
2198 3730 2346 3800 (quis
2371 3731 2438 3796 L)
2479 3730 2558 3784 sis
2598 3731 2733 3795 (scis
2760 3728 2835 3798 D)
2876 3728 3046 3781 famu-

937 3803 1134 3873 losque
1173 3800 1510 3871 (famuloque
1548 3803 1622 3864 L)
1660 3804 1825 3853 tenus
1866 3800 1985 3851 DL.
2093 3812 2155 3855 11.
2194 3802 2250 3854 ni
2288 3816 2449 3870 quem
2486 3820 2668 3870 mar-90
2705 3801 2776 3852 L.-
2827 3798 3050 3868 inquam

938 3873 1055 3927 DL.
1169 3884 1231 3923 12.
1272 3871 1393 3939 Quo
1432 3874 1501 3924 D.
1617 3883 1679 3921 14.
1720 3873 1971 3923 notorum
2009 3871 2267 3939 Scaliqer,
2305 3875 2607 3925 amatorum
2649 3870 2797 3924 Itali.
2922 3884 3050 3921 sua·

938 3944 1030 4007 via
1062 3944 1132 3998 D.
1258 3953 1320 3993 1⁷.
1359 3941 1576 3995 domum
1614 3943 1685 3992 D.
1820 3941 2036 3995 exisset
2073 3956 2194 3994 cum
2230 3946 2291 3992 L.
2436 3954 2497 3998 18.
2537 3942 2621 3994 Te
2658 3944 2730 3994 D.
2874 3939 3049 3992 susci-

939 4017 1025 4067 tet
1058 4014 1130 4064 D.
1239 4029 1336 4066 ora
1372 4013 1490 4065 DL.
1633 4024 1697 4063 2ο.
1736 4014 1893 4064 tanta
1929 4014 1994 4063 L.
2136 4024 2199 4067 21.
2240 4010 2354 4067 Sed
2394 4014 2460 4063 D.
2603 4025 2664 4063 22.
2704 4009 2809 4064 Ille
2857 4014 2915 4063 te
2957 4008 3052 4076 (de

938 4083 1366 4150 Laurentianus)
1406 4084 1584 4135 mulso
1623 4082 1745 4133 DL.
1852 4094 1915 4132 23.
1953 4079 2135 4134 Nemo
2163 4098 2248 4135 me
2286 4084 2357 4134 D.
2463 4082 2674 4136 viventi
2696 4082 2759 4133 L.
2866 4092 2930 4131 24.
2970 4080 3053 4132 in-

940 4152 1117 4223 cipies
1155 4156 1226 4205 D.
1368 4166 1430 4204 25.
1471 4169 1503 4205 a
1540 4171 1622 4205 om
1669 4154 1815 4219 apud
1861 4151 2367 4221 VibiumrSequeetr.
2416 4154 2475 4205 in
2520 4171 2565 4206 v.
2618 4153 2910 4206 Pisaurus.

939 4235 1002 4279 27.
1042 4222 1188 4299 Quid
1226 4225 1289 4283 L.
1418 4239 1544 4284 num
1579 4225 1650 4282 D.
1778 4236 1841 4275 28.
1882 4215 2015 4301 quid
2052 4223 2112 4273 L.
2235 4235 2297 4275 29.
2340 4222 2418 4287 sit
2451 4226 2521 4286 D.
2559 4295 2562 4298 Ι
2664 4236 2727 4284 30.
2767 4221 2944 4302 siquis
2984 4222 3056 4301 D.
