3364 5328
885 579 1302 637 GATULLUS
1340 582 1427 646 61,
1472 589 1644 631 144-
1668 584 1781 629 178.
2055 634 2060 639 ,
2313 574 2392 636 37

444 769 506 825 Io
552 766 780 838 Hymen
826 760 1161 835 Hymenaee
1207 758 1284 827 ic,

531 852 594 908 Io
640 849 869 921 Hymen
915 846 1270 918 Hymenaee.

444 937 676 997 Scimus
721 933 871 990 haec
915 931 1022 989 tibi
1068 945 1220 1011 quae
1265 927 1443 985 licent

366 1040 419 1078 30
445 1025 584 1083 Sola
630 1018 894 1092 cognita:
941 1017 1048 1073 sed
1091 1015 1301 1072 marito

324 1111 402 1172 34
447 1111 564 1168 Ista
606 1120 727 1165 non
777 1103 985 1161 eadem
1033 1101 1227 1157 licent.

447 1196 507 1252 lo
556 1194 782 1267 Hymen
828 1189 1165 1262 Hymenaee
1211 1187 1288 1256 ic,

530 1281 591 1336 Io
637 1277 866 1350 Hymen
912 1273 1265 1346 Hymenaee.

448 1366 658 1438 Nupta,
705 1368 770 1418 tu
816 1373 1073 1432 quoque,
1122 1373 1273 1429 quae
1318 1363 1458 1415 tuus

395 1467 418 1504 5
450 1452 543 1511 Vir
584 1453 764 1522 petet,
811 1459 952 1502 cave
999 1459 1073 1500 ne
1118 1458 1318 1516 neges,

448 1537 515 1596 Ni
559 1532 806 1608 petitum
852 1529 1092 1587 aliunde
1137 1534 1246 1588 eat.

447 1625 506 1681 10
551 1622 779 1695 Hymen
826 1616 1162 1689 Hymenaee
1206 1614 1283 1683 io,

529 1708 590 1764 Io
636 1704 864 1778 Hymen
911 1700 1264 1774 Hymenaee.

449 1794 534 1851 En
579 1790 684 1848 tibi
733 1789 944 1845 domus
992 1792 1057 1843 ut
1100 1791 1312 1858 potens

373 1893 424 1931 10
448 1880 519 1937 Et
560 1878 734 1935 beata
779 1872 885 1929 viri
933 1870 1036 1941 tui,

454 1965 618 2032 Quae
661 1959 768 2018 tibi
809 1958 935 2015 sine
979 1956 1096 2013 fine
1142 1956 1252 2013 erit

458 2048 546 2121 (Io
588 2047 816 2119 Hymen
857 2044 1189 2116 Hymenaee
1231 2041 1307 2112 ie,

543 2131 604 2189 Io
649 2130 869 2203 Hymen
912 2126 1272 2201 Hymenaee)

461 2219 652 2290 Usque
698 2216 834 2271 dum
878 2212 1193 2271 tremulum
1242 2228 1487 2270 movens

383 2313 430 2353 15
460 2302 613 2361 Cana
656 2308 884 2372 tempus
933 2298 1164 2355 anilitas

457 2388 661 2448 Omnia
707 2385 982 2442 omnibus
1028 2383 1252 2440 annuit.

451 2475 512 2531 Io
555 2473 780 2547 Hymen
826 2470 1161 2543 Hymenaee
1207 2469 1282 2540 ic,

440 2572 445 2576 ·
534 2559 594 2615 Io
639 2558 867 2631 Hymen
911 2556 1264 2630 Hymenaee.

446 2645 723 2702 Transfer
769 2640 966 2700 omine
1013 2656 1146 2699 cum
1192 2640 1352 2698 bono

372 2743 423 2780 20
446 2731 648 2789 Limen
695 2728 971 2786 aureolos
1016 2727 1216 2798 pedes,

448 2816 822 2887 Rasilemque
867 2813 1000 2871 subi
1046 2812 1250 2869 forem.

450 2904 509 2959 10
555 2902 782 2974 Hymen
828 2899 1165 2972 Hymenaee
1209 2897 1285 2969 io,

528 2987 593 3044 Io
638 2986 867 3059 Hymen
913 2985 1266 3057 Hymenaee.

458 3070 681 3145 Aspice,
727 3085 883 3128 unus
929 3076 994 3126 ut
1038 3068 1336 3127 accubans

381 3171 424 3210 2⁵
446 3156 542 3214 Vir
585 3164 725 3215 tuus
770 3155 941 3229 Tyrio
987 3154 1046 3212 in
1092 3161 1223 3211 toro

453 3242 630 3300 Totus
676 3240 978 3299 immineat
1019 3239 1142 3298 tibi.

453 3330 513 3386 10
557 3329 784 3402 Hymen
829 3327 1164 3399 Hymenaee
1208 3327 1285 3398 io,

537 3414 599 3470 Io
645 3413 871 3486 Hymen
918 3411 1272 3485 Hymenaee.

452 3499 537 3556 llli
580 3514 702 3556 non
747 3497 943 3554 minus
989 3512 1059 3554 ac
1103 3497 1208 3554 tibi

377 3600 428 3639 30
454 3585 701 3642 Pectore
745 3582 936 3664 uritur
977 3582 1182 3639 intimo

333 3670 406 3731 35
453 3670 734 3741 Flamma,
780 3668 887 3727 sed
932 3668 1130 3741 penite
1175 3668 1380 3741 magis.

419 3860 506 3923 33,
543 3870 592 3909 28
626 3877 710 3911 om
744 3859 815 3921 D,
857 3858 1256 3918 Laurentianus
1294 3868 1342 3909 et
1378 3831 1792 3914 Riccardianue.
1867 3851 1923 3904 io
1961 3853 2015 3904 in
2039 3854 2155 3921 fine
2194 3852 2306 3904 add
2333 3852 2395 3905 L.

420 3947 507 4010 34,
545 3957 584 3998 4.
631 3945 744 3998 tuis
780 3946 850 3999 D.
992 3955 1031 3993 6.
1077 3941 1168 3996 Ne
1206 3942 1269 3998 L.
1412 3953 1475 3991 11.
1525 3940 1632 3994 fine
1686 3957 1768 3992 om
1807 3937 1870 4003 L,
1912 3937 2311 3991 Laurentianus
2350 3946 2400 3988 et

288 4017 690 4070 RiccardianuS.
765 4014 872 4067 erit
920 4015 1209 4067 Avantim:
1267 4012 1436 4067 servit
1481 4011 1602 4064 DL.
1745 4021 1807 4063 15.
1856 4008 2021 4062 anilis
2069 4011 2226 4060 aetas
2273 4004 2397 4059 DL.

352 4099 414 4139 16.
453 4085 662 4139 amnuit
698 4088 768 4142 D.
807 4089 1013 4138 annuet
1050 4083 1200 4137 Itali.
1343 4096 1403 4134 19.
1446 4080 1682 4134 Tranfer
1728 4082 1797 4131 D.
1873 4078 2184 4142 onnine'D,
2236 4092 2398 4151 omne

284 4158 347 4208 L.
525 4169 590 4212 21.
629 4155 740 4209 sibi
776 4155 899 4207 DL.
1077 4166 1139 4206 24.
1176 4153 1326 4208 intus
1363 4154 1584 4206 Statius.
1763 4162 1825 4206 29.
1862 4148 1967 4202 1110
2006 4149 2061 4199 D
2096 4148 2258 4209 solus-„-

352 4240 415 4281 30.
451 4227 656 4281 urimur
683 4245 758 4295 pr
795 4228 843 4277 L
879 4236 929 4279 et
964 4226 1382 4280 Laurentianus.
1491 4222 1604 4278 imo
1640 4223 1711 4273 D.
