3364 5328
940 588 1015 647 16
1534 582 1950 639 GATULLUS
1991 585 2076 650 23,
2123 585 2363 648 16-25,
2405 593 2451 636 5.

1106 762 1153 818 Α
1198 768 1256 819 te
1300 761 1485 819 sudor
1530 761 1716 834 abest,
1763 762 1931 820 abest
1974 763 2177 831 saliva,

1026 857 1078 897 10
1099 846 1424 920 Mucusque
1470 852 1528 904 et
1571 848 1726 905 mala
1772 847 1978 922 pituita
2022 848 2168 906 nasi.

1105 931 1269 990 Hanc
1314 933 1386 990 ad
1434 934 1782 991 munditiem
1828 933 1978 990 adde
2024 934 2417 1006 mundiorem,

1103 1016 1275 1085 Quod
1321 1018 1489 1076 culus
1535 1019 1636 1077 tibi
1684 1018 1888 1092 purior
1928 1019 2118 1077 salillo
2166 1028 2272 1091 est,

1104 1102 1222 1161 Nec
1264 1110 1388 1162 toto
1434 1104 1628 1162 decies
1675 1119 1845 1162 cacas
1890 1103 1949 1162 in
1996 1120 2174 1178 anno,

1102 1187 1293 1261 Atque
1340 1190 1399 1246 id
1447 1190 1650 1247 durius
1697 1196 1786 1248 est
1829 1189 1962 1247 saba
2009 1197 2066 1250 et
2111 1192 2341 1266 lapilliS‚

1023 1285 1071 1323 1⁵
1098 1272 1272 1341 Quod
1318 1281 1380 1332 tn
1425 1274 1474 1332 si
1520 1275 1792 1333 manibus
1839 1281 1996 1335 teras
2038 1278 2350 1351 fricesque‚

1103 1360 1227 1418 Non
1275 1375 1538 1431 unquam
1585 1361 1832 1434 digitum
1878 1360 2189 1435 inquinare
2234 1360 2443 1436 possiS.

1104 1446 1261 1504 Haec
1300 1453 1365 1505 tu
1412 1447 1724 1504 commoda
1770 1453 1889 1504 tam
1934 1447 2126 1520 beata,
2174 1449 2329 1519 Furi,

1102 1530 1229 1590 Noli
1273 1546 1555 1605 spernere
1600 1547 1711 1590 nec
1755 1539 1963 1605 putare
2006 1534 2190 1608 parvi,

1102 1617 1171 1674 Et
1215 1617 1483 1675 sestertia
1531 1632 1686 1690 quae
1728 1618 1887 1676 soles
1931 1619 2158 1693 precari

1021 1715 1076 1753 20
1103 1701 1350 1762 Centum
1398 1703 1627 1762 desine:
1677 1718 1814 1761 nam
1860 1712 1951 1763 sat
1995 1721 2059 1764 es
2104 1705 2333 1765 heatus,

1106 1853 1163 1965 0
1211 1891 1310 1964 qui
1356 1893 1638 1952 flosculus
1685 1909 1748 1950 es
1793 1889 2212 1961 luventiorum‚

1102 1978 1227 2036 Non
1274 1978 1487 2035 horum
1531 1979 1731 2047 modo,
1779 1976 1883 2035 sed
1930 1982 2075 2048 quot
2117 1982 2219 2034 aut
2263 1976 2504 2035 fuerunt

1102 2066 1219 2121 Aut
1261 2064 1509 2137 posthac
1555 2064 1684 2121 aliis
1729 2067 1903 2122 erunt
1946 2060 2006 2118 in
2052 2062 2242 2133 anniS‚

1100 2148 1329 2207 Mallem
1378 2149 1607 2208 divitias
1651 2149 1842 2206 Midae
1890 2146 2153 2206 dedisses

1020 2246 1071 2283 2⁵
1099 2234 1217 2302 Isti,
1265 2234 1403 2304 quoi
1448 2249 1642 2306 neque
1687 2248 1895 2292 servus
1941 2240 2029 2290 est
2073 2249 2267 2307 neque
2310 2248 2466 2301 arca,

1104 2319 1294 2388 Quam
1339 2319 1424 2377 sic
1467 2326 1526 2377 te
1570 2320 1798 2377 sineres
1844 2317 1916 2374 ab
1964 2317 2063 2375 illo
2110 2318 2313 2376 amari.

1094 2392 1283 2473 ‘Qui‘?
1329 2419 1447 2462 non
1495 2413 1584 2462 est
1627 2406 1806 2462 homo
1852 2391 2104 2462 bellus?
2155 2403 2403 2476 inquies.
2475 2408 2590 2459 est:

1106 2491 1222 2548 Sed
1269 2490 1424 2549 hello
1470 2490 1609 2548 huic
1655 2505 1850 2563 neque
1893 2504 2101 2547 servus
2152 2496 2241 2547 est
2283 2503 2477 2561 neque
2523 2502 2678 2545 arca.

1105 2577 1229 2633 Hoc
1272 2583 1336 2633 tu
1382 2591 1560 2648 quam
1606 2575 1770 2634 lubet
1815 2574 2003 2634 abiice
2048 2575 2359 2648 elevaque:

1026 2676 1078 2715 30
1102 2661 1218 2720 Nec
1261 2678 1497 2721 servum
1542 2669 1739 2721 tamen
1785 2661 1883 2721 ille
1931 2661 2108 2720 habet
2152 2677 2347 2734 neque
2390 2674 2605 2717 arcam.

985 2849 1065 2909 14
1112 2811 1377 2908 Cinaede
1420 2851 1642 2922 Thalle,
1690 2850 1926 2909 munior
1972 2849 2229 2909 cuniculi
2276 2850 2487 2924 capillo

1106 2936 1208 2994 Vel
1253 2935 1479 2994 anseris
1521 2935 1848 2994 medullula
1892 2936 1983 2994 vel
2028 2936 2208 2993 imula
2256 2936 2520 2995 auricilla

1105 3021 1207 3079 Vel
1254 3036 1404 3095 pene
1449 3021 1732 3095 languido
1776 3021 1935 3080 senis
1980 3021 2215 3093 situque
2261 3035 2568 3090 araneoso,

1103 3107 1384 3179 Idemque
1428 3106 1631 3164 Thalle
1675 3106 1912 3180 turbida
1957 3106 2227 3180 rapacior
2271 3107 2550 3180 procella,

1051 3203 1075 3241 ⁵
1105 3191 1252 3251 Cum
1299 3192 1433 3250 diva
1478 3193 1847 3251 munerarios
1893 3192 2149 3251 ostendit
2193 3192 2530 3261 oscitantes,

1075 3325 1158 3390 13,
1197 3337 1235 3378 9.
1275 3323 1432 3378 salva
1468 3324 1537 3377 D.
1681 3336 1745 3379 10.
1783 3322 2087 3377 Muccusve
2125 3322 2248 3377 DL.
2401 3334 2463 3378 12.
2501 3322 2605 3377 tibi
2644 3323 2801 3378 culus
2840 3328 2911 3381 D.

933 3406 996 3446 14.
1035 3399 1203 3463 atque
1242 3393 1448 3465 lapillis
1489 3394 1904 3458 Rhoan-dianus,
1943 3398 2107 3462 atque
2146 3392 2356 3449 labillis
2393 3396 2463 3451 D.
2606 3408 2668 3449 15.
2707 3397 2757 3451 si
2794 3400 2855 3450 tu
2892 3398 2962 3449 D.

936 3464 1083 3517 feras
1115 3482 1189 3534 pr
1227 3462 1289 3518 L.
1437 3476 1495 3518 16.
1536 3479 1739 3534 posses
1777 3463 1894 3517 DL.
2038 3474 2101 3516 17.
2141 3462 2265 3517 Nec
2303 3466 2358 3515 D
2392 3466 2547 3520 eolus.
2692 3472 2789 3521 tua
2824 3466 2946 3518 DL.

935 3547 998 3586 19.
1036 3535 1307 3589 sextertia
1342 3537 1411 3588 D.
1537 3547 1599 3587 20.
1639 3535 1779 3589 satis
1815 3534 2017 3589 beatus
2054 3533 2171 3589 DL.
2297 3546 2362 3587 21.
2400 3540 2490 3589 est
2526 3537 2643 3591 DL.
2761 3548 2822 3587 24.
2862 3534 3051 3589 Midae

936 3605 1010 3658 Ie.
1062 3607 1300 3659 Vossius.-
1337 3605 1411 3657 mi
1449 3604 1565 3657 DL.
1717 3617 1780 3655 25.
1820 3604 1906 3658 cui
1947 3621 2051 3660 nec
2088 3605 2159 3669 D,
2199 3605 2294 3674 qui
2333 3621 2436 3660 nec
2473 3606 2537 3658 L.
2679 3622 2783 3661 nec
2820 3613 2952 3661 arca
2987 3606 3053 3657 L.

1004 3688 1066 3729 28.
1105 3680 1195 3731 est
1230 3693 1313 3728 om
1347 3676 1410 3728 L.
1553 3687 1616 3725 29.
1654 3674 1779 3729 Nec
1817 3677 1887 3728 D.
2016 3690 2177 3745 quam
2216 3675 2290 3726 L:
2330 3693 2440 3745 qua
2474 3677 2883 3743 Laurentianus,
2923 3677 3055 3746 quia

933 3748 1344 3811 Bienor-dianus,
1386 3744 1609 3814 quidem
1648 3747 1718 3796 D.
1864 3745 2026 3800 abice
2062 3745 2124 3801 L.

1079 3816 1163 3881 14,
1200 3829 1252 3879 1.,
1277 3815 1555 3870 cunniculi
1578 3816 1695 3869 DL.
1803 3829 1844 3871 2.
1883 3814 2124 3869 medulla
2150 3818 2219 3872 D.
2329 3817 2497 3871 imula
2522 3818 2812 3872 Parisinus
2838 3827 2887 3871 et
2910 3816 3052 3869 Lau-

933 3889 1243 3939 rentianus.-
1290 3885 1478 3939 imulla
1513 3886 1576 3949 L,
1614 3886 1765 3940 nulla
1801 3888 1857 3939 D
1891 3898 1940 3939 et
1969 3905 2042 3954 pr
2078 3887 2482 3942 Riccardianuae.
2626 3887 2899 3943 moricilla
2936 3886 3051 3939 DL.

935 3959 1161 4010 correxit
1186 3957 1442 4026 Scaliqer.
1550 3969 1588 4005 5.
1629 3956 1825 4009 mulier
1851 3972 1985 4010 aves
2013 3957 2188 4022 (arios
2214 3975 2392 4026 mar-90
2417 3958 2490 4020 L)
2518 3958 2638 4012 DL.
2676 3957 2874 4012 mulier
2910 3957 3052 4010 alios

935 4026 1335 4081 Laurentianus
1359 4037 1408 4080 et
1427 4045 1496 4092 pr
1521 4027 1934 4083 Riccardianus.
1982 4026 2177 4080 mulier
2212 4043 2348 4082 avos
2381 4024 2480 4081 ‘sic
2505 4024 2758 4095 seriptum
2782 4038 2858 4081 est
2883 4030 2944 4080 in
2971 4045 3053 4080 co-

932 4097 1050 4151 dice
1096 4099 1442 4152 vetustissimo
1488 4108 1538 4150 et
1586 4098 1886 4150 venerando
1933 4098 2205 4151 Romanae
2254 4099 2599 4165 bibliothecae
2626 4138 2639 4152 .
2665 4141 2677 4153 .
2707 4098 2733 4153 .'
2791 4099 3054 4151 Peru-eius.

934 4184 1026 4236 eqo
1063 4186 1128 4221 eoe
1162 4167 1202 4220 li
1223 4170 1340 4237 feei
1376 4184 1428 4220 n.
1466 4169 1802 4221 munerarius
1847 4178 1922 4222 est
1969 4170 2060 4234 qui
2090 4186 2314 4222 munera
2350 4169 2448 4221 dat
2484 4170 2568 4222 vel
2600 4170 2799 4223 invitus
2835 4178 2885 4220 et
2921 4170 3053 4220 onci-

938 4241 1076 4292 tanti
1110 4249 1284 4304 rapta.
1357 4237 1704 4293 mulierarios
1741 4238 2025 4304 Hauptius.
2171 4239 2434 4293 ostendet
2470 4242 2540 4293 D.
