3364 5328
893 624 1307 686 GATULLUS
1346 626 1432 690 68,
1477 632 1567 677 131
1594 651 1658 664 -
1687 631 1800 677 160.
2321 610 2403 678 69

458 817 576 875 Aut
616 810 761 872 nihil
808 813 909 867 aut
952 805 1129 881 paulo
1175 802 1268 861 cui
1313 809 1378 861 tu
1425 800 1753 860 concedere
1800 795 1976 870 digna

544 901 670 958 Lux
715 909 846 954 mea
890 908 956 951 se
999 897 1268 949 nostium
1313 886 1559 947 contulit
1600 886 1658 943 in
1707 882 2015 957 gremium,

460 988 650 1057 Quam
695 982 1163 1040 circumcursans
1208 973 1345 1032 hinc
1390 973 1551 1032 illinc
1594 985 1773 1044 saepe
1820 966 2047 1041 Cupido

378 1087 429 1125 2⁵
542 1068 828 1144 Fulgebat
871 1063 1109 1122 crocina
1155 1060 1442 1118 candidus
1484 1058 1543 1116 in
1591 1055 1809 1113 tunica.

462 1159 627 1228 Quae
670 1162 865 1212 tamen
913 1149 1019 1207 etsi
1065 1161 1184 1206 uno
1232 1160 1352 1203 non
1400 1150 1489 1202 est
1533 1146 1808 1200 contenta
1845 1138 2099 1210 Catulle,

545 1243 700 1300 Rara
743 1235 1112 1296 verecundae
1155 1231 1312 1290 furta
1355 1232 1611 1289 feremus
1655 1228 1855 1295 herae,

463 1328 546 1389 Ne
590 1325 835 1385 nimium
880 1321 1063 1378 simus
1107 1319 1421 1376 stultorum
1467 1327 1632 1373 more
1675 1311 1924 1369 molesti.

547 1413 735 1486 Saepe
778 1408 954 1468 etiam
998 1407 1165 1472 Iuno,
1213 1402 1464 1461 maxima
1509 1396 1875 1466 caelicolum,

382 1514 436 1552 ³0
463 1497 741 1573 Coniugis
786 1495 845 1554 in
893 1492 1067 1565 culpa
1111 1489 1457 1562 flagrantem
1504 1483 1866 1558 quotidiana,

337 1585 420 1646 66
549 1585 815 1644 Noscens
861 1576 1140 1638 omnivoli
1184 1574 1436 1649 plurima
1479 1572 1636 1630 furta
1678 1567 1850 1628 Iovis·

465 1672 556 1744 At,
605 1669 741 1745 quia
784 1681 894 1725 nec
938 1663 1086 1722 divis
1131 1661 1401 1720 homines
1447 1654 1791 1730 componie1
1835 1667 2089 1725 aequum
2137 1657 2245 1720 est,

409 1820 436 1858 2
546 1807 848 1880 Ingratum
893 1799 1128 1859 tremuli
1171 1799 1311 1856 tolle
1355 1794 1613 1868 parentis
1658 1807 1828 1851 onus.

467 1893 585 1952 Nec
626 1899 825 1950 tamen
865 1887 965 1945 illa
1008 1883 1150 1943 mihi
1198 1883 1405 1941 dextra
1450 1880 1705 1938 deducta
1748 1883 1995 1951 paterna

552 1979 931 2051 Fragrantem
978 1969 1215 2044 Assyrio
1259 1967 1422 2025 venit
1463 1965 1648 2024 odore
1693 1963 1953 2031 domum,

411 2076 437 2117 5
465 2065 581 2124 Sed
625 2061 839 2121 furtiva
883 2056 1044 2115 dedit
1087 2055 1236 2113 mira
1280 2051 1634 2110 munuscula
1679 2054 1875 2119 nocte,

552 2148 744 2224 Ipsius
787 2161 859 2204 ex
902 2144 1030 2217 ipso
1078 2141 1314 2213 dempta
1357 2138 1463 2196 viri
1509 2134 1752 2211 gremia.

473 2237 668 2306 Quare
710 2232 854 2292 illud
901 2229 1042 2289 satis
1089 2233 1195 2298 est,
1239 2225 1287 2283 si
1334 2223 1506 2283 nobis
1550 2221 1600 2280 is
1646 2222 1821 2279 datur
1865 2235 2040 2292 unuS‚

554 2322 739 2391 Quem
785 2316 981 2392 lapide
1025 2313 1124 2372 illa
1168 2312 1319 2372 diem
1368 2307 1710 2369 candidiore
1755 2312 1938 2364 notat.

469 2408 595 2466 Hoc
638 2405 761 2475 tibi,
810 2401 970 2477 quod
1016 2400 1199 2474 potui,
1248 2397 1582 2455 confectum
1628 2393 1888 2452 carmine
1933 2406 2166 2461 munu5‚

387 2507 439 2547 10
552 2493 667 2551 Pro
712 2488 931 2557 multi5‚
977 2485 1110 2556 Alli,
1157 2482 1423 2542 redditur
1467 2479 1693 2552 officiiS‚

468 2581 552 2639 Ne
595 2583 858 2636 vestrum
902 2571 1114 2631 scabra
1157 2574 1362 2643 tangat
1403 2565 1677 2639 rubigine
1723 2579 1940 2623 nomen

555 2666 712 2726 Haec
754 2669 931 2736 atque
973 2658 1074 2717 illa
1118 2656 1242 2715 dies
1287 2661 1464 2729 atque
1510 2652 1623 2712 alia
1667 2658 1845 2727 atque
1889 2651 2018 2711 alia.

468 2755 596 2813 Huc
641 2751 862 2810 addent
904 2745 1019 2804 divi
1066 2760 1243 2817 quam
1288 2741 1563 2816 plurima,
1609 2754 1763 2813 quae
1806 2737 2040 2797 Themis
2085 2736 2223 2793 olim

553 2836 821 2910 Antiquis
865 2833 1039 2892 solita
1084 2836 1174 2887 est
1216 2842 1465 2887 munera
1507 2826 1662 2883 ferre
1704 2824 1833 2898 piiS.

390 2936 441 2977 15
467 2925 603 2985 Sitis
647 2922 847 2980 felices
893 2923 952 2974 et
993 2922 1057 2972 tu
1102 2914 1275 2971 simul
1322 2919 1379 2969 et
1422 2918 1523 2968 tua
1569 2910 1689 2968 vita

558 3009 629 3065 Et
675 3007 885 3063 domus
928 3001 1076 3097 ipsa,
1121 2999 1182 3055 in
1226 3012 1344 3069 qua
1387 2995 1655 3063 lusimu5‚
1705 3000 1763 3052 et
1807 2991 2063 3062 domina,

470 3095 544 3152 Et
585 3090 685 3165 qui
730 3084 1017 3162 principio
1063 3081 1236 3140 nobis
1277 3087 1494 3138 terram
1540 3078 1704 3136 dedit
1745 3078 1952 3148 aufert,

561 3176 604 3233 A
653 3188 771 3247 quo
817 3176 956 3229 sunt
998 3168 1188 3243 primo
1233 3164 1429 3224 omnia
1471 3171 1610 3222 nata
1652 3162 1833 3236 bone,

475 3263 546 3319 Et
587 3261 765 3332 longe
810 3262 947 3315 ante
994 3268 1199 3313 omnes
1244 3251 1384 3309 mihi
1429 3265 1582 3323 quae
1628 3264 1723 3307 me
1768 3249 1958 3307 carior
2001 3248 2129 3322 ipso
2177 3256 2283 3318 est,

397 3359 450 3398 20
561 3345 689 3403 Lux
731 3358 882 3413 mea,
912 3357 1046 3413 -qua
1090 3340 1221 3398 viva
1260 3338 1459 3396 vivere
1506 3335 1675 3395 dulce
1719 3335 1860 3393 mihi
1906 3340 2010 3392 est.

444 3514 529 3579 65,
565 3523 628 3563 22.
665 3507 888 3582 paulum
931 3506 1181 3559 Golocius.
1324 3507 1438 3557 tum
1475 3504 1653 3557 nescio
1691 3504 1807 3570 quie
1844 3510 1966 3553 ante
1991 3497 2273 3552 Mna-etum.

305 3595 368 3635 24
402 3582 512 3639 huc
560 3581 694 3636 illuc
730 3581 801 3631 D
960 3588 1023 3627 28.
1062 3575 1270 3630 scimus
1308 3574 1368 3625 L.
1529 3586 1590 3624 30.
1632 3573 1886 3628 continet
1930 3570 2065 3623 iram
2111 3569 2416 3632 Santenius,

307 3653 610 3723 concoquit.
644 3653 782 3705 iram
819 3666 923 3716 eqo.

447 3722 800 3790 66,1.facta
836 3719 901 3771 L.
1046 3715 1236 3784 Atque
1274 3730 1378 3770 nec
1406 3713 1823 3768 Laurentianus.
1968 3711 2242 3765 hominem
2277 3701 2348 3766 D.

309 3811 430 3850 com
477 3808 645 3848 onere
683 3791 799 3845 DL.
944 3801 982 3839 2.
1006 3790 1244 3856 fortasse
1280 3786 1558 3839 tremulist
1592 3785 1706 3840 illa.
1850 3796 1888 3837 3.
1929 3782 2155 3835 deastra
2192 3781 2313 3832 DL.

384 3866 746 3933 Fagrantem
794 3875 891 3930 asy
895 3859 978 3913 rio
1017 3858 1096 3913 L.
1224 3869 1260 3909 7.
1301 3858 1372 3923 is]
1418 3856 1477 3909 id
1517 3855 1923 3910 Laurentianus
1961 3863 2009 3906 et
2044 3852 2348 3905 Parisinus.

308 3937 433 3990 unis
471 3937 535 3987 L.
676 3946 715 3988 8.
755 3931 877 3985 dies
917 3932 1037 3982 DL.
1180 3931 1335 3981 notet
1369 3930 1438 3979 D.
1500 3943 1503 3944 ⁷
1580 3940 1619 3978 9.
1659 3942 1769 3997 quo
1808 3926 2065 3977 Muretus.
2190 3934 2253 3974 10.
2291 3919 2418 3974 aliis

309 4007 447 4058 DL.
505 4004 734 4059 correxit
769 4002 1026 4070 Scaliyer.
1090 3997 1260 4051 Manli
1307 3999 1541 4051 Golocius
1579 4009 1627 4053 et
1662 3992 2110 4052 alii.11.Nec
2149 3991 2211 4047 L.
2321 4005 2419 4043 no-

311 4079 482 4130 strum
520 4077 593 4128 D.
738 4076 962 4140 tangam
1001 4071 1072 4122 D.
1214 4082 1277 4120 12.
1314 4067 1439 4123 Nec
1474 4070 1544 4121 D
1672 4081 1735 4124 13.
1771 4067 1930 4138 plura
1965 4066 2035 4117 D.
2165 4075 2229 4114 15.
2266 4060 2420 4117 Satis

310 4148 376 4199 L.
487 4150 545 4199 et
580 4146 696 4210 tua]
736 4159 770 4198 a
805 4147 902 4196 tua.
938 4144 1008 4199 D.
1116 4153 1178 4196 16.
1214 4139 1342 4221 ipsa
1374 4157 1455 4192 om
1493 4140 1557 4191 L.
1666 4150 1728 4193 17.
1764 4143 1967 4191 terram
1992 4133 2156 4188 nobis
2182 4136 2236 4187 D
2260 4134 2421 4187 eolus.

381 4229 444 4268 18.
481 4219 617 4270 nota
655 4216 707 4266 D
743 4216 905 4267 solus.
1047 4224 1110 4264 19.
1150 4209 1242 4294 qui
1281 4212 1349 4262 D
1495 4209 1619 4288 ipse
1658 4211 1748 4268 est
1783 4208 1853 4260 D
2009 4217 2073 4263 2ο.
2111 4207 2201 4263 est
2234 4223 2313 4257 om
2349 4205 2419 4258 D.

311 4286 499 4345 vivere
537 4284 668 4346 mihi
706 4283 867 4339 dulce
908 4285 998 4339 est
1032 4283 1097 4343 L.
