<?xml version="1.0" encoding="UTF-8"?>
<!DOCTYPE html PUBLIC "-//W3C//DTD XHTML 1.0 Transitional//EN"
    "http://www.w3.org/TR/xhtml1/DTD/xhtml1-transitional.dtd">
<html xmlns="http://www.w3.org/1999/xhtml" xml:lang="en" lang="en">
 <head>
  <title>
</title>
<meta http-equiv="Content-Type" content="text/html;charset=utf-8" />
  <meta name='ocr-system' content='tesseract 3.04.00' />
  <meta name='ocr-capabilities' content='ocr_page ocr_carea ocr_par ocr_line ocrx_word'/>
</head>
<body>
  <div class='ocr_page' id='page_1' title='image "./qvaleriicatulli04catugoog_0029.png"; bbox 0 0 3364 5328; ppageno 0'>
   <div class='ocr_carea' id='block_1_1' title="bbox 888 607 2393 673">
    <p class='ocr_par' dir='ltr' id='par_1_1' title="bbox 888 607 2393 673">
     <span class='ocr_line' id='line_1_1' title="bbox 888 607 2393 673; baseline -0.003 -12"><span class='ocrx_word' id='word_1_1' title='bbox 888 607 1305 662; x_wconf 81' lang='lat' dir='ltr'>OATULLUS</span> <span class='ocrx_word' id='word_1_2' title='bbox 1344 608 1429 672; x_wconf 80' lang='lat'>25,</span> <span class='ocrx_word' id='word_1_3' title='bbox 1471 617 1498 659; x_wconf 79' lang='lat' dir='ltr'>e</span> <span class='ocrx_word' id='word_1_4' title='bbox 1523 607 1697 673; x_wconf 79' lang='grc'><strong>-28,</strong></span> <span class='ocrx_word' id='word_1_5' title='bbox 1739 618 1785 662; x_wconf 76' lang='lat' dir='ltr'>s.</span> <span class='ocrx_word' id='word_1_6' title='bbox 2316 613 2393 673; x_wconf 89' lang='lat'>17</span> 
     </span>
    </p>
   </div>
   <div class='ocr_carea' id='block_1_2' title="bbox 348 772 2180 1459">
    <p class='ocr_par' dir='ltr' id='par_1_2' title="bbox 448 772 1982 859">
     <span class='ocr_line' id='line_1_2' title="bbox 448 772 1982 859; baseline -0.003 -13"><span class='ocrx_word' id='word_1_7' title='bbox 448 787 701 846; x_wconf 84' lang='lat' dir='ltr'>Remitte</span> <span class='ocrx_word' id='word_1_8' title='bbox 746 787 989 859; x_wconf 89' lang='lat' dir='ltr'>pallium</span> <span class='ocrx_word' id='word_1_9' title='bbox 1036 785 1176 842; x_wconf 86' lang='lat' dir='ltr'>mihi</span> <span class='ocrx_word' id='word_1_10' title='bbox 1220 772 1436 855; x_wconf 77' lang='lat' dir='ltr'>metim,</span> <span class='ocrx_word' id='word_1_11' title='bbox 1485 786 1644 858; x_wconf 89' lang='lat' dir='ltr'>quod</span> <span class='ocrx_word' id='word_1_12' title='bbox 1693 784 1982 856; x_wconf 79' lang='lat' dir='ltr'>involasti,</span> 
     </span>
    </p>

    <p class='ocr_par' dir='ltr' id='par_1_3' title="bbox 446 871 2106 945">
     <span class='ocr_line' id='line_1_3' title="bbox 446 871 2106 945; baseline -0.002 -14"><span class='ocrx_word' id='word_1_13' title='bbox 446 874 885 944; x_wconf 75' lang='lat' dir='ltr'>sudariumque</span> <span class='ocrx_word' id='word_1_14' title='bbox 930 871 1249 929; x_wconf 82' lang='lat' dir='ltr'>Saetabum</span> <span class='ocrx_word' id='word_1_15' title='bbox 1296 872 1807 945; x_wconf 74' lang='lat' dir='ltr'>catagraphosque</span> <span class='ocrx_word' id='word_1_16' title='bbox 1849 871 2106 944; x_wconf 71' lang='lat' dir='ltr'>Thynos,</span> 
     </span>
    </p>

    <p class='ocr_par' dir='ltr' id='par_1_4' title="bbox 348 956 2180 1200">
     <span class='ocr_line' id='line_1_4' title="bbox 448 956 2124 1031; baseline -0.002 -16"><span class='ocrx_word' id='word_1_17' title='bbox 448 959 669 1031; x_wconf 84' lang='lat' dir='ltr'>Inepte,</span> <span class='ocrx_word' id='word_1_18' title='bbox 719 973 871 1030; x_wconf 89' lang='lat' dir='ltr'>quae</span> <span class='ocrx_word' id='word_1_19' title='bbox 918 956 1109 1030; x_wconf 90' lang='lat' dir='ltr'>palam</span> <span class='ocrx_word' id='word_1_20' title='bbox 1157 956 1312 1014; x_wconf 90' lang='lat' dir='ltr'>soles</span> <span class='ocrx_word' id='word_1_21' title='bbox 1358 957 1578 1015; x_wconf 86' lang='lat' dir='ltr'>habere</span> <span class='ocrx_word' id='word_1_22' title='bbox 1624 963 1905 1027; x_wconf 84' lang='lat' dir='ltr'>tanquam</span> <span class='ocrx_word' id='word_1_23' title='bbox 1952 956 2124 1013; x_wconf 88' lang='lat' dir='ltr'>avita.</span> 
     </span>
     <span class='ocr_line' id='line_1_5' title="bbox 348 1041 2180 1115; baseline -0.002 -13"><span class='ocrx_word' id='word_1_24' title='bbox 348 1074 361 1085; x_wconf 90' lang='lat'><strong>·</strong></span> <span class='ocrx_word' id='word_1_25' title='bbox 448 1044 614 1112; x_wconf 83' lang='lat' dir='ltr'>Quae</span> <span class='ocrx_word' id='word_1_26' title='bbox 659 1057 819 1100; x_wconf 89' lang='lat' dir='ltr'>nunc</span> <span class='ocrx_word' id='word_1_27' title='bbox 866 1041 981 1100; x_wconf 89' lang='lat' dir='ltr'>tuis</span> <span class='ocrx_word' id='word_1_28' title='bbox 1027 1041 1100 1098; x_wconf 88' lang='lat' dir='ltr'>ab</span> <span class='ocrx_word' id='word_1_29' title='bbox 1148 1042 1448 1115; x_wconf 86' lang='lat' dir='ltr'>unguibus</span> <span class='ocrx_word' id='word_1_30' title='bbox 1492 1041 1787 1115; x_wconf 75' lang='lat' dir='ltr'>reglutina</span> <span class='ocrx_word' id='word_1_31' title='bbox 1832 1048 1890 1097; x_wconf 89' lang='lat' dir='ltr'>et</span> <span class='ocrx_word' id='word_1_32' title='bbox 1925 1041 2180 1107; x_wconf 79' lang='lat' dir='ltr'>remitte,</span> 
     </span>
     <span class='ocr_line' id='line_1_6' title="bbox 365 1126 1988 1200; baseline 0 -18"><span class='ocrx_word' id='word_1_33' title='bbox 365 1142 416 1182; x_wconf 81' lang='lat'>10</span> <span class='ocrx_word' id='word_1_34' title='bbox 447 1130 529 1188; x_wconf 92' lang='lat' dir='ltr'>Nc</span> <span class='ocrx_word' id='word_1_35' title='bbox 574 1130 812 1186; x_wconf 88' lang='lat' dir='ltr'>laneum</span> <span class='ocrx_word' id='word_1_36' title='bbox 856 1128 1214 1185; x_wconf 84' lang='lat' dir='ltr'>latusculum</span> <span class='ocrx_word' id='word_1_37' title='bbox 1264 1143 1595 1200; x_wconf 86' lang='lat' dir='ltr'>manusque</span> <span class='ocrx_word' id='word_1_38' title='bbox 1644 1126 1988 1183; x_wconf 78' lang='lat' dir='ltr'>mollicellas</span> 
     </span>
    </p>

    <p class='ocr_par' dir='ltr' id='par_1_5' title="bbox 447 1212 1864 1287">
     <span class='ocr_line' id='line_1_7' title="bbox 447 1212 1864 1287; baseline -0.004 -15"><span class='ocrx_word' id='word_1_39' title='bbox 447 1217 647 1273; x_wconf 84' lang='lat' dir='ltr'>Inusta</span> <span class='ocrx_word' id='word_1_40' title='bbox 692 1214 940 1287; x_wconf 87' lang='lat' dir='ltr'>turpiter</span> <span class='ocrx_word' id='word_1_41' title='bbox 981 1212 1086 1269; x_wconf 88' lang='lat' dir='ltr'>tibi</span> <span class='ocrx_word' id='word_1_42' title='bbox 1132 1212 1366 1285; x_wconf 74' lang='lat' dir='ltr'>flagella·</span> <span class='ocrx_word' id='word_1_43' title='bbox 1409 1212 1864 1281; x_wconf 89' lang='lat' dir='ltr'>conscribillent,</span> 
     </span>
    </p>

    <p class='ocr_par' dir='ltr' id='par_1_6' title="bbox 449 1298 1900 1369">
     <span class='ocr_line' id='line_1_8' title="bbox 449 1298 1900 1369; baseline -0.003 -12"><span class='ocrx_word' id='word_1_44' title='bbox 449 1302 520 1358; x_wconf 82' lang='lat' dir='ltr'>Et</span> <span class='ocrx_word' id='word_1_45' title='bbox 562 1300 886 1357; x_wconf 84' lang='lat' dir='ltr'>insolenter</span> <span class='ocrx_word' id='word_1_46' title='bbox 931 1305 1164 1356; x_wconf 86' lang='lat' dir='ltr'>aestues</span> <span class='ocrx_word' id='word_1_47' title='bbox 1209 1298 1369 1356; x_wconf 82' lang='lat' dir='ltr'>velut</span> <span class='ocrx_word' id='word_1_48' title='bbox 1414 1299 1639 1356; x_wconf 89' lang='lat' dir='ltr'>minuta</span> <span class='ocrx_word' id='word_1_49' title='bbox 1684 1312 1900 1369; x_wconf 88' lang='lat' dir='ltr'>magno</span> 
     </span>
    </p>

    <p class='ocr_par' dir='ltr' id='par_1_7' title="bbox 450 1384 1889 1459">
     <span class='ocr_line' id='line_1_9' title="bbox 450 1384 1889 1459; baseline -0.004 -15"><span class='ocrx_word' id='word_1_50' title='bbox 450 1385 747 1459; x_wconf 78' lang='lat' dir='ltr'>Deprensa</span> <span class='ocrx_word' id='word_1_51' title='bbox 795 1385 961 1442; x_wconf 78' lang='lat' dir='ltr'>navis</span> <span class='ocrx_word' id='word_1_52' title='bbox 1007 1384 1064 1442; x_wconf 94' lang='lat' dir='ltr'>in</span> <span class='ocrx_word' id='word_1_53' title='bbox 1112 1384 1257 1440; x_wconf 88' lang='lat' dir='ltr'>mari</span> <span class='ocrx_word' id='word_1_54' title='bbox 1305 1385 1644 1442; x_wconf 78' lang='lat' dir='ltr'>vesaniente</span> <span class='ocrx_word' id='word_1_55' title='bbox 1691 1390 1889 1440; x_wconf 84' lang='lat' dir='ltr'>vento.</span> 
     </span>
    </p>
   </div>
   <div class='ocr_carea' id='block_1_3' title="bbox 369 1552 1848 2002">
    <p class='ocr_par' dir='ltr' id='par_1_8' title="bbox 451 1552 1648 1660">
     <span class='ocr_line' id='line_1_10' title="bbox 451 1552 1648 1660; baseline -0.001 -15"><span class='ocrx_word' id='word_1_56' title='bbox 451 1552 625 1660; x_wconf 78' lang='lat' dir='ltr'>Furi,</span> <span class='ocrx_word' id='word_1_57' title='bbox 672 1588 870 1647; x_wconf 84' lang='lat' dir='ltr'>villula</span> <span class='ocrx_word' id='word_1_58' title='bbox 918 1595 1120 1646; x_wconf 89' lang='lat' dir='ltr'>nostra</span> <span class='ocrx_word' id='word_1_59' title='bbox 1166 1602 1286 1645; x_wconf 92' lang='lat' dir='ltr'>non</span> <span class='ocrx_word' id='word_1_60' title='bbox 1333 1590 1407 1646; x_wconf 83' lang='lat' dir='ltr'>ad</span> <span class='ocrx_word' id='word_1_61' title='bbox 1454 1587 1648 1645; x_wconf 81' lang='lat' dir='ltr'>Austri</span> 
     </span>
    </p>

    <p class='ocr_par' dir='ltr' id='par_1_9' title="bbox 369 1673 1848 2002">
     <span class='ocr_line' id='line_1_11' title="bbox 369 1673 1716 1747; baseline -0.001 -14"><span class='ocrx_word' id='word_1_62' title='bbox 369 1687 418 1724; x_wconf 80' lang='lat'>1⁵</span> <span class='ocrx_word' id='word_1_63' title='bbox 445 1675 644 1733; x_wconf 85' lang='lat' dir='ltr'>Flatus</span> <span class='ocrx_word' id='word_1_64' title='bbox 690 1675 961 1747; x_wconf 87' lang='lat' dir='ltr'>opposita</span> <span class='ocrx_word' id='word_1_65' title='bbox 1005 1680 1094 1730; x_wconf 88' lang='lat' dir='ltr'>est</span> <span class='ocrx_word' id='word_1_66' title='bbox 1139 1689 1331 1746; x_wconf 91' lang='lat' dir='ltr'>neque</span> <span class='ocrx_word' id='word_1_67' title='bbox 1377 1673 1450 1730; x_wconf 87' lang='lat' dir='ltr'>ad</span> <span class='ocrx_word' id='word_1_68' title='bbox 1498 1674 1716 1731; x_wconf 81' lang='lat' dir='ltr'>Favoni</span> 
     </span>
     <span class='ocr_line' id='line_1_12' title="bbox 451 1758 1555 1831; baseline -0.003 -13"><span class='ocrx_word' id='word_1_69' title='bbox 451 1760 569 1818; x_wconf 86' lang='lat' dir='ltr'>Nec</span> <span class='ocrx_word' id='word_1_70' title='bbox 614 1760 772 1817; x_wconf 85' lang='lat' dir='ltr'>saevi</span> <span class='ocrx_word' id='word_1_71' title='bbox 821 1759 1044 1817; x_wconf 90' lang='lat' dir='ltr'>Boreae</span> <span class='ocrx_word' id='word_1_72' title='bbox 1089 1766 1193 1816; x_wconf 82' lang='lat' dir='ltr'>aut</span> <span class='ocrx_word' id='word_1_73' title='bbox 1235 1758 1555 1831; x_wconf 87' lang='lat' dir='ltr'>Apeliotae.</span> 
     </span>
     <span class='ocr_line' id='line_1_13' title="bbox 450 1844 1828 1916; baseline -0.002 -12"><span class='ocrx_word' id='word_1_74' title='bbox 450 1847 667 1904; x_wconf 90' lang='lat' dir='ltr'>Verum</span> <span class='ocrx_word' id='word_1_75' title='bbox 713 1845 788 1903; x_wconf 87' lang='lat' dir='ltr'>ad</span> <span class='ocrx_word' id='word_1_76' title='bbox 834 1844 992 1902; x_wconf 88' lang='lat' dir='ltr'>milia</span> <span class='ocrx_word' id='word_1_77' title='bbox 1038 1844 1372 1916; x_wconf 88' lang='lat' dir='ltr'>quindecim</span> <span class='ocrx_word' id='word_1_78' title='bbox 1419 1851 1478 1901; x_wconf 88' lang='lat' dir='ltr'>et</span> <span class='ocrx_word' id='word_1_79' title='bbox 1522 1844 1828 1903; x_wconf 80' lang='lat' dir='ltr'>ducentos.</span> 
     </span>
     <span class='ocr_line' id='line_1_14' title="bbox 453 1928 1848 2002; baseline -0.002 -13"><span class='ocrx_word' id='word_1_80' title='bbox 453 1931 500 1989; x_wconf 88' lang='grc' dir='ltr'><strong>Ο</strong></span> <span class='ocrx_word' id='word_1_81' title='bbox 548 1937 788 1990; x_wconf 85' lang='lat' dir='ltr'>ventum</span> <span class='ocrx_word' id='word_1_82' title='bbox 835 1930 1177 1988; x_wconf 84' lang='lat' dir='ltr'>horribilem</span> <span class='ocrx_word' id='word_1_83' title='bbox 1224 1937 1401 2001; x_wconf 82' lang='lat' dir='ltr'>atque</span> <span class='ocrx_word' id='word_1_84' title='bbox 1446 1928 1848 2002; x_wconf 82' lang='lat' dir='ltr'>pestilentem!</span> 
     </span>
    </p>
   </div>
   <div class='ocr_carea' id='block_1_4' title="bbox 369 2098 1769 2727">
    <p class='ocr_par' dir='ltr' id='par_1_10' title="bbox 453 2098 1422 2208">
     <span class='ocr_line' id='line_1_15' title="bbox 453 2098 1422 2208; baseline 0.003 -18"><span class='ocrx_word' id='word_1_85' title='bbox 453 2098 736 2193; x_wconf 79' lang='lat' dir='ltr'>Minister</span> <span class='ocrx_word' id='word_1_86' title='bbox 778 2134 956 2192; x_wconf 86' lang='lat' dir='ltr'>vetuli</span> <span class='ocrx_word' id='word_1_87' title='bbox 1000 2150 1149 2208; x_wconf 92' lang='lat' dir='ltr'>puer</span> <span class='ocrx_word' id='word_1_88' title='bbox 1194 2135 1422 2193; x_wconf 87' lang='lat' dir='ltr'>Falerni</span> 
     </span>
    </p>

    <p class='ocr_par' dir='ltr' id='par_1_11' title="bbox 373 2220 1769 2635">
     <span class='ocr_line' id='line_1_16' title="bbox 373 2220 1388 2295; baseline 0 -17"><span class='ocrx_word' id='word_1_89' title='bbox 373 2234 427 2271; x_wconf 80' lang='lat'>2⁰</span> <span class='ocrx_word' id='word_1_90' title='bbox 452 2222 627 2295; x_wconf 88' lang='lat' dir='ltr'>Inger</span> <span class='ocrx_word' id='word_1_91' title='bbox 668 2221 745 2277; x_wconf 92' lang='lat' dir='ltr'>mi</span> <span class='ocrx_word' id='word_1_92' title='bbox 792 2220 1002 2278; x_wconf 88' lang='lat' dir='ltr'>calices</span> <span class='ocrx_word' id='word_1_93' title='bbox 1047 2220 1388 2291; x_wconf 79' lang='lat' dir='ltr'>amariorcS,</span> 
     </span>
     <span class='ocr_line' id='line_1_17' title="bbox 454 2306 1607 2380; baseline 0 -16"><span class='ocrx_word' id='word_1_94' title='bbox 454 2308 527 2364; x_wconf 92' lang='lat' dir='ltr'>Ut</span> <span class='ocrx_word' id='word_1_95' title='bbox 571 2306 662 2363; x_wconf 85' lang='lat' dir='ltr'>lex</span> <span class='ocrx_word' id='word_1_96' title='bbox 707 2306 1042 2364; x_wconf 88' lang='lat' dir='ltr'>Postumiae</span> <span class='ocrx_word' id='word_1_97' title='bbox 1089 2307 1251 2364; x_wconf 89' lang='lat' dir='ltr'>iubet</span> <span class='ocrx_word' id='word_1_98' title='bbox 1295 2307 1607 2380; x_wconf 81' lang='lat' dir='ltr'>magistrae</span> 
     </span>
     <span class='ocr_line' id='line_1_18' title="bbox 452 2391 1311 2450; baseline -0.001 0"><span class='ocrx_word' id='word_1_99' title='bbox 452 2392 696 2450; x_wconf 87' lang='lat' dir='ltr'>Ebriosa</span> <span class='ocrx_word' id='word_1_100' title='bbox 734 2392 909 2449; x_wconf 89' lang='lat' dir='ltr'>acina</span> <span class='ocrx_word' id='word_1_101' title='bbox 955 2391 1311 2450; x_wconf 87' lang='lat' dir='ltr'>ebriosioris.</span> 
     </span>
     <span class='ocr_line' id='line_1_19' title="bbox 452 2477 1769 2553; baseline -0.001 -18"><span class='ocrx_word' id='word_1_102' title='bbox 452 2477 524 2535; x_wconf 89' lang='lat' dir='ltr'>At</span> <span class='ocrx_word' id='word_1_103' title='bbox 569 2492 674 2535; x_wconf 86' lang='lat' dir='ltr'>vos</span> <span class='ocrx_word' id='word_1_104' title='bbox 721 2492 838 2549; x_wconf 93' lang='lat' dir='ltr'>quo</span> <span class='ocrx_word' id='word_1_105' title='bbox 885 2477 1048 2536; x_wconf 86' lang='lat' dir='ltr'>lubet</span> <span class='ocrx_word' id='word_1_106' title='bbox 1091 2479 1230 2535; x_wconf 89' lang='lat' dir='ltr'>hinc</span> <span class='ocrx_word' id='word_1_107' title='bbox 1275 2479 1449 2547; x_wconf 84' lang='lat' dir='ltr'>abite,</span> <span class='ocrx_word' id='word_1_108' title='bbox 1496 2480 1769 2553; x_wconf 84' lang='lat' dir='ltr'>lymphae</span> 
     </span>
     <span class='ocr_line' id='line_1_20' title="bbox 452 2562 1449 2635; baseline 0.003 -16"><span class='ocrx_word' id='word_1_109' title='bbox 452 2563 580 2620; x_wconf 89' lang='lat' dir='ltr'>Vini</span> <span class='ocrx_word' id='word_1_110' title='bbox 626 2562 936 2635; x_wconf 79' lang='lat' dir='ltr'>pernicieS,</span> <span class='ocrx_word' id='word_1_111' title='bbox 987 2570 1044 2621; x_wconf 90' lang='lat' dir='ltr'>et</span> <span class='ocrx_word' id='word_1_112' title='bbox 1089 2564 1160 2620; x_wconf 89' lang='lat' dir='ltr'>ad</span> <span class='ocrx_word' id='word_1_113' title='bbox 1209 2580 1449 2623; x_wconf 88' lang='lat' dir='ltr'>severos</span> 
     </span>
    </p>

    <p class='ocr_par' dir='ltr' id='par_1_12' title="bbox 369 2647 1673 2727">
     <span class='ocr_line' id='line_1_21' title="bbox 369 2647 1673 2727; baseline -0.002 -19"><span class='ocrx_word' id='word_1_114' title='bbox 369 2660 420 2699; x_wconf 78' lang='lat'>2⁵</span> <span class='ocrx_word' id='word_1_115' title='bbox 447 2648 717 2723; x_wconf 87' lang='lat' dir='ltr'>Migrate:</span> <span class='ocrx_word' id='word_1_116' title='bbox 765 2647 857 2707; x_wconf 87' lang='lat' dir='ltr'>hic</span> <span class='ocrx_word' id='word_1_117' title='bbox 900 2664 1099 2708; x_wconf 89' lang='lat' dir='ltr'>merus</span> <span class='ocrx_word' id='word_1_118' title='bbox 1146 2656 1234 2708; x_wconf 84' lang='lat' dir='ltr'>est</span> <span class='ocrx_word' id='word_1_119' title='bbox 1279 2650 1673 2727; x_wconf 78' lang='lat' dir='ltr'>Thyonianus.</span> 
     </span>
    </p>
   </div>
   <div class='ocr_carea' id='block_1_5' title="bbox 340 2817 1800 3518">
    <p class='ocr_par' dir='ltr' id='par_1_13' title="bbox 455 2817 1505 2927">
     <span class='ocr_line' id='line_1_22' title="bbox 455 2817 1505 2927; baseline 0.005 -17"><span class='ocrx_word' id='word_1_120' title='bbox 455 2817 513 2910; x_wconf 78' lang='lat' dir='ltr'>P</span> <span class='ocrx_word' id='word_1_121' title='bbox 516 2854 697 2912; x_wconf 89' lang='lat' dir='ltr'>isonis</span> <span class='ocrx_word' id='word_1_122' title='bbox 743 2855 1005 2927; x_wconf 82' lang='lat' dir='ltr'>comiteS,</span> <span class='ocrx_word' id='word_1_123' title='bbox 1053 2860 1267 2917; x_wconf 89' lang='lat' dir='ltr'>cohors</span> <span class='ocrx_word' id='word_1_124' title='bbox 1312 2859 1505 2918; x_wconf 90' lang='lat' dir='ltr'>inanis</span> 
     </span>
    </p>

    <p class='ocr_par' dir='ltr' id='par_1_14' title="bbox 456 2940 1426 3019">
     <span class='ocr_line' id='line_1_23' title="bbox 456 2940 1426 3019; baseline 0.007 -22"><span class='ocrx_word' id='word_1_125' title='bbox 456 2940 619 3013; x_wconf 82' lang='lat' dir='ltr'>Aptis</span> <span class='ocrx_word' id='word_1_126' title='bbox 663 2941 975 3010; x_wconf 87' lang='lat' dir='ltr'>sarcinulis</span> <span class='ocrx_word' id='word_1_127' title='bbox 1020 2949 1079 3002; x_wconf 89' lang='lat' dir='ltr'>et</span> <span class='ocrx_word' id='word_1_128' title='bbox 1123 2945 1426 3019; x_wconf 76' lang='lat' dir='ltr'>expeditiS‚</span> 
     </span>
    </p>

    <p class='ocr_par' dir='ltr' id='par_1_15' title="bbox 455 3026 1632 3102">
     <span class='ocr_line' id='line_1_24' title="bbox 455 3026 1632 3102; baseline 0.003 -21"><span class='ocrx_word' id='word_1_129' title='bbox 455 3026 710 3083; x_wconf 89' lang='lat' dir='ltr'>Veranui</span> <span class='ocrx_word' id='word_1_130' title='bbox 755 3027 979 3101; x_wconf 84' lang='lat' dir='ltr'>optime</span> <span class='ocrx_word' id='word_1_131' title='bbox 1020 3035 1204 3102; x_wconf 87' lang='lat' dir='ltr'>tuque</span> <span class='ocrx_word' id='word_1_132' title='bbox 1249 3032 1327 3088; x_wconf 89' lang='lat' dir='ltr'>mi</span> <span class='ocrx_word' id='word_1_133' title='bbox 1373 3029 1632 3098; x_wconf 85' lang='lat' dir='ltr'>Fabulle,</span> 
     </span>
    </p>

    <p class='ocr_par' dir='ltr' id='par_1_16' title="bbox 340 3110 1749 3360">
     <span class='ocr_line' id='line_1_25' title="bbox 456 3110 1749 3186; baseline 0.003 -20"><span class='ocrx_word' id='word_1_134' title='bbox 456 3110 607 3178; x_wconf 84' lang='lat' dir='ltr'>Quid</span> <span class='ocrx_word' id='word_1_135' title='bbox 654 3126 851 3168; x_wconf 88' lang='lat' dir='ltr'>rerum</span> <span class='ocrx_word' id='word_1_136' title='bbox 897 3110 1141 3186; x_wconf 74' lang='lat' dir='ltr'>geritis?</span> <span class='ocrx_word' id='word_1_137' title='bbox 1187 3116 1409 3175; x_wconf 90' lang='lat' dir='ltr'>satisne</span> <span class='ocrx_word' id='word_1_138' title='bbox 1456 3131 1589 3173; x_wconf 89' lang='lat' dir='ltr'>cum</span> <span class='ocrx_word' id='word_1_139' title='bbox 1637 3114 1749 3171; x_wconf 92' lang='lat' dir='ltr'>isto</span> 
     </span>
     <span class='ocr_line' id='line_1_26' title="bbox 372 3194 1694 3270; baseline 0.006 -23"><span class='ocrx_word' id='word_1_140' title='bbox 372 3195 652 3269; x_wconf 80' lang='lat' dir='ltr'>30Vappa</span> <span class='ocrx_word' id='word_1_141' title='bbox 697 3196 1036 3270; x_wconf 82' lang='lat' dir='ltr'>frigoraque</span> <span class='ocrx_word' id='word_1_142' title='bbox 1081 3207 1140 3258; x_wconf 88' lang='lat' dir='ltr'>et</span> <span class='ocrx_word' id='word_1_143' title='bbox 1179 3201 1391 3259; x_wconf 82' lang='lat' dir='ltr'>samem</span> <span class='ocrx_word' id='word_1_144' title='bbox 1438 3194 1694 3260; x_wconf 80' lang='lat' dir='ltr'>tulistis?</span> 
     </span>
     <span class='ocr_line' id='line_1_27' title="bbox 340 3279 1634 3360; baseline 0.002 -21"><span class='ocrx_word' id='word_1_145' title='bbox 340 3279 417 3339; x_wconf 84' lang='lat'>15</span> <span class='ocrx_word' id='word_1_146' title='bbox 465 3281 829 3353; x_wconf 90' lang='lat' dir='ltr'>Ecquidnam</span> <span class='ocrx_word' id='word_1_147' title='bbox 874 3282 933 3340; x_wconf 92' lang='lat' dir='ltr'>in</span> <span class='ocrx_word' id='word_1_148' title='bbox 978 3285 1194 3343; x_wconf 88' lang='lat' dir='ltr'>tabulis</span> <span class='ocrx_word' id='word_1_149' title='bbox 1238 3294 1397 3360; x_wconf 90' lang='lat' dir='ltr'>patet</span> <span class='ocrx_word' id='word_1_150' title='bbox 1440 3285 1634 3346; x_wconf 90' lang='lat' dir='ltr'>lucelli</span> 
     </span>
    </p>

    <p class='ocr_par' dir='ltr' id='par_1_17' title="bbox 457 3367 1800 3443">
     <span class='ocr_line' id='line_1_28' title="bbox 457 3367 1800 3443; baseline 0.001 -19"><span class='ocrx_word' id='word_1_151' title='bbox 457 3367 812 3440; x_wconf 85' lang='lat' dir='ltr'>Expensum,</span> <span class='ocrx_word' id='word_1_152' title='bbox 862 3374 927 3425; x_wconf 86' lang='lat' dir='ltr'>ut</span> <span class='ocrx_word' id='word_1_153' title='bbox 970 3370 1129 3442; x_wconf 90' lang='lat' dir='ltr'>mihi,</span> <span class='ocrx_word' id='word_1_154' title='bbox 1179 3372 1278 3443; x_wconf 92' lang='lat' dir='ltr'>qui</span> <span class='ocrx_word' id='word_1_155' title='bbox 1323 3388 1519 3431; x_wconf 84' lang='lat' dir='ltr'>meum</span> <span class='ocrx_word' id='word_1_156' title='bbox 1561 3378 1800 3430; x_wconf 83' lang='lat' dir='ltr'>secutus</span> 
     </span>
    </p>

    <p class='ocr_par' dir='ltr' id='par_1_18' title="bbox 459 3452 1540 3518">
     <span class='ocr_line' id='line_1_29' title="bbox 459 3452 1540 3518; baseline 0.006 -9"><span class='ocrx_word' id='word_1_157' title='bbox 459 3452 795 3511; x_wconf 85' lang='lat' dir='ltr'>Praetorem</span> <span class='ocrx_word' id='word_1_158' title='bbox 841 3454 1033 3514; x_wconf 83' lang='lat' dir='ltr'>refero</span> <span class='ocrx_word' id='word_1_159' title='bbox 1080 3457 1280 3516; x_wconf 89' lang='lat' dir='ltr'>datum</span> <span class='ocrx_word' id='word_1_160' title='bbox 1326 3458 1540 3518; x_wconf 90' lang='lat' dir='ltr'>lucello</span> 
     </span>
    </p>
   </div>
   <div class='ocr_carea' id='block_1_6' title="bbox 285 3668 2403 4217">
    <p class='ocr_par' dir='ltr' id='par_1_19' title="bbox 286 3668 2403 3867">
     <span class='ocr_line' id='line_1_30' title="bbox 429 3668 2398 3741; baseline 0.001 -18"><span class='ocrx_word' id='word_1_161' title='bbox 429 3668 513 3733; x_wconf 88' lang='lat'>14,</span> <span class='ocrx_word' id='word_1_162' title='bbox 551 3680 590 3721; x_wconf 95' lang='grc'>7.</span> <span class='ocrx_word' id='word_1_163' title='bbox 628 3670 921 3724; x_wconf 80' lang='lat' dir='ltr'>sathabum</span> <span class='ocrx_word' id='word_1_164' title='bbox 958 3671 1074 3735; x_wconf 89' lang='lat' dir='ltr'>DL,</span> <span class='ocrx_word' id='word_1_165' title='bbox 1119 3670 1412 3725; x_wconf 83' lang='lat' dir='ltr'>sethabum</span> <span class='ocrx_word' id='word_1_166' title='bbox 1450 3673 1870 3724; x_wconf 69' lang='lat' dir='ltr'>Laurentianus.</span> <span class='ocrx_word' id='word_1_167' title='bbox 1981 3672 2131 3726; x_wconf 80' lang='lat' dir='ltr'>tinos</span> <span class='ocrx_word' id='word_1_168' title='bbox 2170 3674 2239 3736; x_wconf 92' lang='lat' dir='ltr'>D,</span> <span class='ocrx_word' id='word_1_169' title='bbox 2279 3671 2398 3741; x_wconf 80' lang='lat' dir='ltr'>tby-</span> 
     </span>
     <span class='ocr_line' id='line_1_31' title="bbox 286 3739 2403 3810; baseline 0.001 -19"><span class='ocrx_word' id='word_1_170' title='bbox 286 3754 408 3793; x_wconf 85' lang='lat' dir='ltr'>mos</span> <span class='ocrx_word' id='word_1_171' title='bbox 445 3739 507 3791; x_wconf 93' lang='lat' dir='ltr'>L.</span> <span class='ocrx_word' id='word_1_172' title='bbox 623 3752 661 3790; x_wconf 97' lang='grc'>9.</span> <span class='ocrx_word' id='word_1_173' title='bbox 700 3740 812 3795; x_wconf 82' lang='lat' dir='ltr'>tuis</span> <span class='ocrx_word' id='word_1_174' title='bbox 851 3743 884 3792; x_wconf 88' lang='grc' dir='ltr'><strong>ό</strong></span> <span class='ocrx_word' id='word_1_175' title='bbox 924 3740 1316 3810; x_wconf 84' lang='lat' dir='ltr'>ingunibusD</span> <span class='ocrx_word' id='word_1_176' title='bbox 1321 3782 1334 3793; x_wconf 94' lang='lat'>.</span> <span class='ocrx_word' id='word_1_177' title='bbox 1449 3754 1510 3792; x_wconf 92' lang='lat'>11.</span> <span class='ocrx_word' id='word_1_178' title='bbox 1549 3741 1740 3795; x_wconf 85' lang='lat' dir='ltr'>Insula</span> <span class='ocrx_word' id='word_1_179' title='bbox 1775 3742 1892 3793; x_wconf 90' lang='lat' dir='ltr'>DL.</span> <span class='ocrx_word' id='word_1_180' title='bbox 2003 3742 2403 3796; x_wconf 82' lang='lat' dir='ltr'>conscribileut</span> 
     </span>
     <span class='ocr_line' id='line_1_32' title="bbox 287 3809 2297 3874; baseline 0.001 -14"><span class='ocrx_word' id='word_1_181' title='bbox 287 3809 353 3874; x_wconf 91' lang='lat' dir='ltr'>L,</span> <span class='ocrx_word' id='word_1_182' title='bbox 393 3810 756 3864; x_wconf 85' lang='lat' dir='ltr'>conscribent</span> <span class='ocrx_word' id='word_1_183' title='bbox 793 3813 862 3863; x_wconf 93' lang='lat' dir='ltr'>D.</span> <span class='ocrx_word' id='word_1_184' title='bbox 1009 3824 1070 3862; x_wconf 83' lang='lat'>21.</span> <span class='ocrx_word' id='word_1_185' title='bbox 1110 3811 1265 3865; x_wconf 82' lang='lat' dir='ltr'>velut</span> <span class='ocrx_word' id='word_1_186' title='bbox 1303 3811 1534 3866; x_wconf 79' lang='lat' dir='ltr'>inimica</span> <span class='ocrx_word' id='word_1_187' title='bbox 1568 3812 1690 3862; x_wconf 93' lang='lat' dir='ltr'>DL.</span> <span class='ocrx_word' id='word_1_188' title='bbox 1832 3825 1894 3862; x_wconf 96' lang='lat'>15.</span> <span class='ocrx_word' id='word_1_189' title='bbox 1933 3813 2140 3867; x_wconf 80' lang='lat' dir='ltr'>favonii</span> <span class='ocrx_word' id='word_1_190' title='bbox 2181 3814 2297 3864; x_wconf 89' lang='lat' dir='ltr'>DL.</span> 
     </span>
    </p>

    <p class='ocr_par' dir='ltr' id='par_1_20' title="bbox 285 3879 2400 4217">
     <span class='ocr_line' id='line_1_33' title="bbox 287 3879 2400 3950; baseline 0.002 -22"><span class='ocrx_word' id='word_1_191' title='bbox 287 3892 348 3931; x_wconf 82' lang='lat'>16.</span> <span class='ocrx_word' id='word_1_192' title='bbox 387 3879 672 3950; x_wconf 78' lang='lat' dir='ltr'>apheliote</span> <span class='ocrx_word' id='word_1_193' title='bbox 700 3882 816 3933; x_wconf 90' lang='lat' dir='ltr'>DL.</span> <span class='ocrx_word' id='word_1_194' title='bbox 959 3882 1227 3950; x_wconf 82' lang='lat' dir='ltr'>20.1nger</span> <span class='ocrx_word' id='word_1_195' title='bbox 1263 3884 1426 3935; x_wconf 77' lang='lat' dir='ltr'>codex</span> <span class='ocrx_word' id='word_1_196' title='bbox 1467 3883 1630 3935; x_wconf 82' lang='lat' dir='ltr'>Gellii</span> <span class='ocrx_word' id='word_1_197' title='bbox 1659 3882 2026 3950; x_wconf 77' lang='lat' dir='ltr'>Sekoppianns</span> <span class='ocrx_word' id='word_1_198' title='bbox 2071 3891 2117 3945; x_wconf 79' lang='lat'>7,</span> <span class='ocrx_word' id='word_1_199' title='bbox 2159 3885 2400 3934; x_wconf 74' lang='lat'>20:111-</span> 
     </span>
     <span class='ocr_line' id='line_1_34' title="bbox 286 3949 2401 4022; baseline 0 -21"><span class='ocrx_word' id='word_1_200' title='bbox 286 3964 419 4016; x_wconf 83' lang='lat' dir='ltr'>gere</span> <span class='ocrx_word' id='word_1_201' title='bbox 457 3949 579 4002; x_wconf 90' lang='lat' dir='ltr'>DL.</span> <span class='ocrx_word' id='word_1_202' title='bbox 638 3951 804 4020; x_wconf 87' lang='lat' dir='ltr'>Inger</span> <span class='ocrx_word' id='word_1_203' title='bbox 841 3956 1138 4022; x_wconf 74' lang='grc' dir='ltr'><strong><em>εἴσκρασον</em></strong></span> <span class='ocrx_word' id='word_1_204' title='bbox 1174 3950 2224 4019; x_wconf 71' lang='lat' dir='ltr'>9l0s3.Labb.p.93⁶.Eb1-iosa</span> <span class='ocrx_word' id='word_1_205' title='bbox 2261 3953 2401 4003; x_wconf 73' lang='lat' dir='ltr'>codi-</span> 
     </span>
     <span class='ocr_line' id='line_1_35' title="bbox 287 4021 2332 4090; baseline 0 -19"><span class='ocrx_word' id='word_1_206' title='bbox 287 4037 372 4072; x_wconf 79' lang='lat' dir='ltr'>ces</span> <span class='ocrx_word' id='word_1_207' title='bbox 416 4021 580 4073; x_wconf 76' lang='lat' dir='ltr'>Gellii</span> <span class='ocrx_word' id='word_1_208' title='bbox 615 4023 756 4089; x_wconf 73' lang='lat' dir='ltr'>(ipse</span> <span class='ocrx_word' id='word_1_209' title='bbox 786 4024 1007 4088; x_wconf 73' lang='lat' dir='ltr'>Gellius,</span> <span class='ocrx_word' id='word_1_210' title='bbox 1046 4033 1105 4075; x_wconf 80' lang='lat' dir='ltr'>ut</span> <span class='ocrx_word' id='word_1_211' title='bbox 1140 4023 1416 4090; x_wconf 74' lang='lat' dir='ltr'>Hauptiua</span> <span class='ocrx_word' id='word_1_212' title='bbox 1453 4024 1603 4086; x_wconf 69' lang='lat' dir='ltr'>vidit,</span> <span class='ocrx_word' id='word_1_213' title='bbox 1645 4021 1861 4090; x_wconf 77' lang='lat' dir='ltr'>Ebria).</span> <span class='ocrx_word' id='word_1_214' title='bbox 1904 4023 2175 4076; x_wconf 77' lang='lat' dir='ltr'>Ebrioeae</span> <span class='ocrx_word' id='word_1_215' title='bbox 2213 4023 2332 4073; x_wconf 76' lang='lat' dir='ltr'>DI..</span> 
     </span>
     <span class='ocr_line' id='line_1_36' title="bbox 285 4091 2400 4160; baseline 0 -18"><span class='ocrx_word' id='word_1_216' title='bbox 285 4091 449 4143; x_wconf 83' lang='lat' dir='ltr'>acina</span> <span class='ocrx_word' id='word_1_217' title='bbox 489 4092 692 4143; x_wconf 81' lang='lat' dir='ltr'>codices</span> <span class='ocrx_word' id='word_1_218' title='bbox 733 4095 914 4160; x_wconf 74' lang='lat' dir='ltr'>Gellii,</span> <span class='ocrx_word' id='word_1_219' title='bbox 952 4104 1010 4145; x_wconf 82' lang='lat' dir='ltr'>ut</span> <span class='ocrx_word' id='word_1_220' title='bbox 1047 4094 1286 4146; x_wconf 76' lang='lat' dir='ltr'>videtur.-</span> <span class='ocrx_word' id='word_1_221' title='bbox 1327 4093 1489 4147; x_wconf 86' lang='lat' dir='ltr'>acino</span> <span class='ocrx_word' id='word_1_222' title='bbox 1516 4095 1586 4158; x_wconf 92' lang='lat' dir='ltr'>D,</span> <span class='ocrx_word' id='word_1_223' title='bbox 1626 4094 1822 4146; x_wconf 80' lang='lat' dir='ltr'>acinae</span> <span class='ocrx_word' id='word_1_224' title='bbox 1860 4091 1922 4143; x_wconf 90' lang='lat' dir='ltr'>L.</span> <span class='ocrx_word' id='word_1_225' title='bbox 2030 4106 2091 4143; x_wconf 73' lang='lat'>23.</span> <span class='ocrx_word' id='word_1_226' title='bbox 2132 4092 2278 4160; x_wconf 85' lang='lat' dir='ltr'>quod</span> <span class='ocrx_word' id='word_1_227' title='bbox 2323 4092 2400 4143; x_wconf 89' lang='lat' dir='ltr'>iu-</span> 
     </span>
     <span class='ocr_line' id='line_1_37' title="bbox 285 4160 2105 4217; baseline 0.001 -5"><span class='ocrx_word' id='word_1_228' title='bbox 285 4160 382 4214; x_wconf 80' lang='lat' dir='ltr'>bet</span> <span class='ocrx_word' id='word_1_229' title='bbox 422 4161 540 4212; x_wconf 90' lang='lat' dir='ltr'>DL.</span> <span class='ocrx_word' id='word_1_230' title='bbox 683 4174 746 4213; x_wconf 81' lang='lat'>25.</span> <span class='ocrx_word' id='word_1_231' title='bbox 783 4179 939 4216; x_wconf 86' lang='lat' dir='ltr'>meus</span> <span class='ocrx_word' id='word_1_232' title='bbox 977 4168 1069 4217; x_wconf 84' lang='lat' dir='ltr'>est</span> <span class='ocrx_word' id='word_1_233' title='bbox 1107 4162 1439 4217; x_wconf 79' lang='lat' dir='ltr'>antonianus</span> <span class='ocrx_word' id='word_1_234' title='bbox 1478 4162 1539 4213; x_wconf 90' lang='lat' dir='ltr'>L.</span> <span class='ocrx_word' id='word_1_235' title='bbox 1682 4175 1745 4213; x_wconf 81' lang='grc'>93.</span> <span class='ocrx_word' id='word_1_236' title='bbox 1784 4162 1998 4216; x_wconf 77' lang='lat' dir='ltr'>Verani</span> <span class='ocrx_word' id='word_1_237' title='bbox 2037 4166 2105 4216; x_wconf 92' lang='lat' dir='ltr'>D.</span> 
     </span>
    </p>
   </div>
   <div class='ocr_carea' id='block_1_7' title="bbox 431 4248 1992 4398">
    <p class='ocr_par' dir='ltr' id='par_1_21' title="bbox 431 4248 1992 4398">
     <span class='ocr_line' id='line_1_38' title="bbox 431 4248 1701 4319; baseline -0.002 -19"><span class='ocrx_word' id='word_1_238' title='bbox 431 4248 515 4313; x_wconf 87' lang='lat'>15,</span> <span class='ocrx_word' id='word_1_239' title='bbox 552 4260 590 4298; x_wconf 93' lang='lat'>1.</span> <span class='ocrx_word' id='word_1_240' title='bbox 629 4248 705 4302; x_wconf 81' lang='lat' dir='ltr'>Et</span> <span class='ocrx_word' id='word_1_241' title='bbox 743 4249 876 4318; x_wconf 88' lang='lat' dir='ltr'>quid</span> <span class='ocrx_word' id='word_1_242' title='bbox 915 4265 1039 4304; x_wconf 82' lang='lat' dir='ltr'>nam</span> <span class='ocrx_word' id='word_1_243' title='bbox 1080 4253 1149 4316; x_wconf 90' lang='lat' dir='ltr'>D,</span> <span class='ocrx_word' id='word_1_244' title='bbox 1190 4250 1271 4304; x_wconf 82' lang='lat' dir='ltr'>Vt</span> <span class='ocrx_word' id='word_1_245' title='bbox 1308 4250 1439 4319; x_wconf 89' lang='lat' dir='ltr'>quid</span> <span class='ocrx_word' id='word_1_246' title='bbox 1479 4265 1603 4304; x_wconf 80' lang='lat' dir='ltr'>nam</span> <span class='ocrx_word' id='word_1_247' title='bbox 1641 4249 1701 4300; x_wconf 94' lang='lat' dir='ltr'>L.</span> 
     </span>
     <span class='ocr_line' id='line_1_39' title="bbox 1955 4339 1992 4398; baseline 0 0"><span class='ocrx_word' id='word_1_248' title='bbox 1955 4339 1992 4398; x_wconf 83' lang='lat'>2</span> 
     </span>
    </p>
   </div>
  </div>
 </body>
</html>
