3364 5328
938 590 1354 647 OATULLUS
1392 594 1477 657 62,
1518 602 1583 644 33
1608 623 1668 632 -
1701 603 1782 645 59.
2317 598 2402 657 41

313 772 400 834 38
459 776 726 847 Namque
769 778 873 829 tuo
919 771 1177 829 adventu
1224 770 1425 844 vigilat
1468 770 1736 828 custodia
1779 785 2030 843 semper.

462 860 642 918 Nocte
689 859 876 916 latent
919 858 1098 927 sureS,
1147 870 1296 929 quos
1340 857 1496 913 idem
1543 871 1722 928 saepe
1766 863 2088 927 revertenS,

465 947 740 1019 Hespere‚
788 950 1016 1001 mutato
1064 942 1439 1014 comprendis
1485 942 1724 999 nomine
1769 943 2026 999 eosdem.

466 1031 537 1087 At
580 1032 722 1088 libet
766 1028 1031 1103 innuptis
1079 1028 1209 1085 ficto
1257 1034 1312 1085 te
1358 1042 1600 1101 carpere
1647 1034 1879 1099 questu.

398 1128 426 1166 5
461 1116 611 1184 Quid
657 1124 804 1186 tum,
848 1115 898 1171 si
945 1119 1215 1187 carpunt,
1263 1113 1437 1171 tacita
1483 1128 1660 1185 quem
1706 1120 1901 1171 mente
1947 1110 2298 1187 requirunt?

463 1203 687 1276 Hymen
735 1217 770 1258 o
815 1201 1173 1274 Hymenaee,
1219 1199 1445 1271 Hymen
1491 1198 1632 1256 ades
1681 1213 1716 1254 o
1749 1200 2102 1272 Hymenaee.

550 1288 622 1345 Ut
663 1287 774 1345 flos
821 1286 879 1343 in
925 1284 1105 1358 septis
1150 1290 1414 1343 secretus
1461 1285 1720 1342 nascitur
1764 1285 1970 1355 hortiS,

466 1374 704 1447 Ignotus
749 1372 971 1446 pecori,
1019 1370 1186 1428 nullo
1235 1371 1551 1427 convolsus
1597 1375 1811 1440 aratr0‚

463 1459 647 1527 Quem
691 1458 955 1515 mulcent
999 1472 1198 1526 aurae,
1247 1455 1441 1513 firmat
1483 1455 1591 1526 sol,
1640 1457 1855 1513 educat
1898 1456 2087 1515 imber

384 1555 435 1594 ιο
464 1544 649 1617 (Multi
694 1544 860 1600 illum
903 1543 1091 1615 pueri,
1139 1541 1357 1599 multae
1404 1547 1681 1614 optavere
1727 1541 1989 1614 puellae:

464 1630 624 1687 Idem
669 1645 805 1687 cum
852 1628 1015 1687 tenui
1062 1634 1300 1700 carptus
1346 1626 1620 1684 defloruit
1664 1627 1869 1700 ungui,

461 1715 613 1772 Nulli
658 1715 823 1772 illum
871 1715 1057 1787 pueri,
1105 1713 1304 1771 nullae
1349 1719 1626 1785 optavere
1672 1710 1950 1786 puellae),

460 1801 554 1859 Sic
601 1801 785 1874 virge,
833 1801 976 1857 dum
1021 1800 1240 1857 intacta
1284 1805 1499 1867 manet,
1548 1798 1690 1855 dum
1734 1812 1870 1854 cara
1912 1799 2035 1858 suis
2082 1808 2200 1859 est:

462 1886 609 1943 Cum
654 1892 879 1944 castum
926 1885 1120 1943 amisit
1163 1884 1391 1957 polluto
1438 1898 1685 1955 corpore
1730 1883 1953 1954 florem,

388 1983 436 2021 15
463 1972 580 2029 Nec
623 1973 822 2044 pueris
865 1971 1124 2029 iucunda
1168 1976 1368 2027 manet
1413 1985 1522 2027 nec
1568 1984 1706 2026 cara
1753 1969 1980 2041 puellis,

466 2058 694 2128 Hymen
741 2071 774 2112 o
818 2056 1170 2129 Hymenaee,
1217 2055 1444 2128 Hymen
1491 2056 1633 2112 ades
1679 2069 1715 2111 o
1752 2054 2104 2127 Hymenaee.

380 2206 389 2209 „
556 2141 631 2198 Ut
674 2140 848 2198 vidua
891 2142 951 2199 in
994 2142 1156 2200 nudo
1202 2140 1334 2199 vitis
1381 2156 1534 2213 quae
1580 2139 1843 2197 nascitur
1889 2155 2050 2211 arvo,

470 2227 779 2299 Nunquam
822 2241 885 2283 se
929 2227 1170 2297 extollit,
1217 2242 1524 2300 nunquam
1567 2225 1772 2282 mitem
1817 2225 2030 2285 educat
2071 2244 2266 2302 uvam,

470 2312 584 2370 Sed
630 2317 894 2369 tenerum
936 2328 1126 2386 prono
1174 2311 1493 2369 deflectens
1538 2311 1802 2385 pondere
1848 2326 2064 2385 corpus

386 2398 583 2454 201am
626 2396 743 2455 iam
789 2399 1079 2472 contingit
1122 2414 1420 2456 summum
1464 2396 1664 2455 radice
1710 2397 2007 2472 flagellum

466 2481 655 2557 (Hanc
702 2483 846 2541 nulli
890 2484 1203 2558 agricolae,
1253 2483 1398 2541 nulli
1444 2485 1680 2541 coluere
1727 2483 1986 2541 iuvenci:

463 2568 537 2626 At
579 2569 628 2625 si
674 2568 825 2626 forte
871 2561 1079 2627 eadem
1127 2576 1216 2627 est
1261 2569 1422 2626 ulmo
1470 2568 1788 2626 coniuncta
1833 2569 2064 2641 marito,

461 2653 624 2712 Multi
669 2654 832 2713 illam
864 2655 1180 2729 agricolae,
1227 2654 1396 2713 multi
1442 2655 1681 2714 coluere
1727 2653 2007 2731 iuvenci),

463 2740 557 2799 Sic
601 2741 787 2815 virg0,
837 2743 977 2799 dum
1024 2743 1244 2800 intacta
1290 2748 1506 2812 manet,
1555 2742 1694 2798 dum
1740 2741 1961 2798 inculta
2004 2746 2283 2804 senescit:

378 2837 432 2875 2⁵
463 2826 610 2884 Cum
654 2843 762 2899 par
807 2828 1130 2886 conubium
1175 2834 1406 2886 maturo
1452 2834 1722 2900 tempore
1768 2826 1981 2900 adepta
2027 2837 2134 2901 est,

465 2911 614 2969 Cara
661 2912 786 2970 viro
830 2914 1019 2987 magis
1066 2920 1124 2971 et
1168 2914 1363 2971 minus
1409 2920 1498 2971 est
1538 2913 1730 2970 invisa
1774 2914 2022 2985 parenti.

546 2995 620 3055 At
665 3004 728 3055 tu
775 3014 852 3056 ne
895 3014 1097 3073 pugna
1143 3015 1277 3058 cum
1326 2998 1427 3056 tali
1473 2998 1743 3072 coniuge,
1791 2998 1977 3073 virg0.

434 3197 518 3261 38,
544 3210 584 3249 3.
611 3196 1002 3266 comperendis
1031 3197 1251 3251 nomine
1288 3212 1518 3267 eospem
1545 3198 1601 3251 T.
1640 3199 1861 3253 nomine
1888 3199 2041 3257 Eous
2062 3201 2411 3255 Schraderue.

361 3278 397 3316 4.
423 3263 672 3320 Adlucet
702 3268 760 3317 T.
902 3281 941 3320 5.
983 3268 1232 3334 Quittum
1259 3269 1309 3322 si
1337 3267 1593 3338 carpiunt
1623 3271 1680 3321 T.
1827 3286 1986 3339 quem
2013 3270 2084 3323 L:
2122 3286 2320 3339 quema
2352 3274 2410 3337 T,

289 3335 378 3406 (im
417 3339 490 3400 D,
530 3353 690 3406 qnam
724 3338 1144 3403 Laurentianus,
1185 3337 1332 3407 quod
1365 3357 1435 3404 pr
1473 3339 1883 3394 Riccardianua.
2028 3354 2066 3393 8.
2106 3342 2410 3395 convulsus

198 3451 203 3458 .
293 3408 359 3457 T:
389 3410 656 3460 contusus
681 3407 798 3459 DL.
941 3421 979 3462 9.
1022 3408 1433 3475 Quaemuleens
1460 3409 1750 3463 aurefirma
1781 3412 1837 3467 T.
1960 3423 2023 3463 10.
2051 3411 2317 3465 obtavere
2351 3413 2410 3465 T.

357 3490 420 3533 11.
445 3489 491 3527 12
516 3496 599 3530 om
631 3478 680 3527 T
698 3490 747 3531 et
773 3477 1191 3531 Laurentianus.
1333 3492 1396 3529 13.
1426 3478 1553 3532 dum
1589 3481 1823 3552 innupta
1854 3481 2249 3543 Quinctilianus
2285 3485 2412 3535 inat.

287 3557 337 3611 9,
363 3557 412 3612 3,
440 3557 516 3598 16.
531 3566 590 3614 p.
621 3557 738 3601 80⁴.
815 3548 940 3601 (lum
968 3564 1100 3602 cara
1126 3550 1414 3603 Parisinus
1442 3561 1489 3602 et
1514 3552 1937 3615 Laurentianus,
1965 3554 2145 3620 itaque
2176 3552 2412 3615 Quincti-

286 3620 495 3670 litmuc:
533 3624 647 3670 tum
676 3633 806 3671 cara.
831 3619 1000 3674 DLT.
1110 3619 1198 3672 sui
1222 3619 1282 3673 L.
1393 3624 1484 3672 est
1526 3621 1576 3670 T
1605 3634 1655 3674 et
1698 3622 2114 3685 quinctilianus.-
2154 3622 2254 3675 sed
2291 3623 2408 3675 DL.

355 3701 417 3740 15.
456 3687 701 3741 iocunda
736 3691 857 3744 DL.
964 3701 1025 3741 16.
1065 3690 1355 3759 Kymeneo
1391 3689 1715 3757 kymemeae
1742 3692 2081 3761 kymenades
2109 3693 2413 3762 kymeneae

290 3759 349 3808 T.
493 3770 556 3810 17.
592 3758 668 3810 Et
711 3759 769 3810 T.
889 3762 1042 3825 arvo]
1084 3763 1206 3813 orto
1245 3763 1317 3813 D.
1436 3772 1497 3815 18.
1537 3761 1852 3831 Numquam
1889 3779 1950 3816 se
1992 3763 2210 3816 extollit
2248 3780 2410 3833 quam

283 3828 584 3881 muniteam
624 3828 794 3882 ducat
828 3830 1088 3901 uvam2T.
1205 3843 1268 3881 19.
1306 3829 1642 3900 pei-flectens
1688 3833 1745 3884 T.
1864 3845 1926 3888 20.
1965 3832 2236 3886 flacellum
2281 3835 2339 3888 T.

282 3935 349 3980 21.
387 3922 691 3991 Hancnulli
729 3907 1013 4008 agri‘gcult}
1051 3924 1210 3977 multi
1249 3926 1509 3980 acoluere
1555 3926 1618 3977 T.
1726 3940 1788 3979 22.
1817 3940 1865 3978 23
1890 3947 1969 3980 om
1994 3929 2063 3978 D.
2171 3939 2235 3978 22.
2264 3927 2412 3996 Apsi

289 4019 347 4071 T.
473 4018 669 4071 ultimo
708 4017 1126 4084 Laurentianus,
1256 4021 1456 4074 marita
1496 4021 1554 4076 T.
1684 4034 1748 4073 23.
1789 4022 2035 4099 agriculse
2079 4020 2135 4076 T.
2245 4035 2410 4094 acco·

284 4102 436 4158 luere
463 4106 581 4164 DL.
621 4106 879 4159 acoluere
912 4107 980 4157 T:
1024 4106 1246 4160 coluere
1273 4107 1427 4160 Itali.
1538 4118 1599 4160 24.
1627 4110 1741 4160 tum
1769 4107 1981 4160 inculta
2011 4109 2068 4159 T.
2177 4119 2240 4159 25.
2278 4122 2409 4159 con-

283 4175 505 4229 nubium
551 4175 673 4227 DL.
818 4189 879 4232 26.
920 4192 1054 4230 cura
1096 4178 1216 4229 DT.
1360 4176 1515 4246 virgo
1552 4177 1615 4231 L.
1763 4190 1825 4230 27.
1865 4178 1941 4231 Et
1971 4181 2029 4229 tu
2075 4192 2178 4230 nec
2211 4178 2258 4228 L
2296 4196 2412 4230 cum

282 4245 651 4300 Laurentiano
689 4257 737 4299 et
777 4248 1154 4312 Riccardiano,
1190 4249 1267 4301 Et
1301 4250 1398 4300 tua
1435 4264 1538 4302 nec
1582 4248 1638 4314 T,
1680 4247 1768 4300 'l'u
1805 4263 1914 4301 non
1953 4263 2055 4302 nec
2094 4249 2164 4299 D.
