3364 5328
987 575 1065 638 18
1581 569 1995 626 GATULLUS
2033 571 2119 636 28,
2160 580 2187 621 9
2214 570 2380 633 -29,
2421 578 2504 620 21.

1144 737 1223 808 ‘0
1266 748 1517 818 Memmi,
1566 748 1728 805 bcne'
1766 762 1861 805 me
1905 760 1973 803 ac
2017 745 2116 803 diu
2161 745 2439 818 supinum

1098 846 1122 883 ⁵
1150 837 1296 892 Tota
1340 834 1450 891 ista
1494 833 1662 891 trabe
1702 833 1898 890 lentus
1943 818 2278 889 irrumasti.'

1151 921 1287 991 Sed,
1334 925 1621 992 quantum
1669 918 1863 989 video,
1911 915 2036 989 pari
2083 915 2270 974 fuistis

1153 1004 1335 1063 Casu:
1382 1020 1518 1062 nam
1567 1002 1751 1061 nihilo
1798 1002 2034 1077 minore
2072 1016 2250 1075 verpa

1151 1090 1305 1148 Farti
1350 1090 1509 1148 cstiS.
1576 1095 1712 1162 pete
1757 1087 1985 1145 nobiles
2031 1088 2270 1145 amicos

1150 1178 1224 1233 At
1267 1176 1434 1234 vobis
1479 1174 1634 1231 mala
1680 1174 1865 1232 multa
1914 1173 1989 1231 dii
2039 1173 2304 1246 deaeque

1069 1274 1119 1311 1⁰
1146 1262 1311 1331 Dent,
1360 1259 1678 1333 obprobria
1727 1259 1993 1318 Romulei
2041 1258 2342 1331 Remique.

1147 1432 1304 1534 (luis
1349 1465 1464 1521 hoc
1510 1468 1703 1536 potest
1748 1463 1965 1533 videre,
2012 1463 2142 1535 quis
2187 1471 2379 1537 potest
2424 1466 2563 1539 pati,

1147 1552 1266 1609 Nisi
1314 1549 1647 1623 impudicus
1696 1554 1753 1605 ct
1796 1562 1979 1606 vorax
2025 1556 2083 1605 et
2127 1549 2274 1620 alen,

1148 1638 1501 1694 Mamurram
1548 1635 1770 1692 habere
1817 1634 1975 1706 quod
2023 1632 2265 1692 Comata
2312 1636 2495 1694 Gallia

1149 1722 1417 1779 Habebat
1461 1727 1598 1778 ante
1643 1726 1703 1777 et
1746 1718 1947 1776 ultima
1995 1716 2343 1779 Britannia?

1068 1821 1116 1858 15
1145 1807 1402 1865 Cinaede
1448 1806 1715 1875 Romule,
1768 1805 1913 1861 haec
1960 1804 2186 1862 videbis
2232 1813 2289 1864 et
2335 1804 2529 1865 seres?

1148 1894 1219 1950 Et
1263 1892 1361 1949 ille
1405 1907 1566 1949 nunc
1610 1886 1905 1964 superbus
1952 1896 2010 1947 ct
2053 1892 2425 1965 superfluens

1148 1977 1587 2035 perambulabit
1633 1975 1895 2033 omnium
1947 1977 2158 2036 cubilia

1146 2064 1220 2121 Ut
1264 2062 1499 2121 albulus
1545 2061 1858 2119 columbus
1904 2069 2007 2120 aut
2050 2063 2378 2125 Adoneus?

1146 2147 1401 2207 Cinaede
1446 2147 1713 2216 Romule,
1760 2148 1905 2204 haec
1949 2148 2176 2206 videbis
2222 2159 2277 2209 et
2325 2150 2518 2211 feres?

1060 2247 1114 2285 20
1139 2235 1215 2292 Es
1259 2233 1591 2308 impudicus
1637 2238 1695 2289 et
1739 2246 1918 2288 vorax
1967 2239 2023 2288 et
2067 2233 2217 2292 alec.

1142 2320 1303 2377 Eone
1346 2317 1604 2386 nomine,
1650 2316 1971 2389 imperator
2013 2318 2205 2390 unice,

1140 2404 1321 2463 Fuisti
1364 2404 1423 2461 in
1470 2403 1677 2460 ultima
1723 2402 2041 2460 occidentis
2086 2403 2296 2485 insula,

1141 2490 1214 2547 Ut
1257 2490 1367 2547 ista
1411 2494 1603 2546 vestra
1651 2487 1923 2545 diffututa
1968 2490 2230 2547 mentula

1140 2574 1452 2643 Ducenties
1498 2579 1790 2631 comesset
1833 2580 1934 2630 aut
1977 2571 2335 2633 trecenties?

1058 2674 1108 2714 2⁵
1136 2660 1288 2729 Quid
1335 2667 1425 2720 est
1469 2659 1584 2717 alid
1630 2659 1867 2718 sinistra
1912 2655 2272 2718 liberalitas?

1138 2748 1351 2804 Parum
1400 2745 1724 2819 expatravit
1767 2760 1840 2802 an
1887 2760 2096 2817 parum
2144 2746 2395 2805 elluatus
2442 2742 2574 2803 est?

1138 2832 1389 2889 Paterna
1433 2831 1621 2905 prima
1666 2830 1960 2888 lancinata
2003 2839 2144 2889 sunt
2187 2833 2372 2890 bona:

1136 2917 1410 2975 Secunda
1454 2917 1676 2989 praeda
1722 2914 1993 2972 Pontica:
2038 2917 2177 2975 inde
2223 2920 2394 2977 tertia

1137 3002 1370 3072 Hibera,
1421 3016 1598 3075 quam
1644 3000 1756 3058 scit
1799 3002 1990 3058 amnis
2036 3003 2254 3060 aurifer
2299 3006 2513 3079 Tagus.

1059 3101 1111 3138 ³⁰
1138 3089 1307 3145 Hunc
1349 3087 1570 3145 Galliae
1613 3086 1780 3144 timet
1822 3091 1881 3142 et
1920 3086 2273 3147 Britanniae.

1012 3172 1090 3232 16
1136 3173 1288 3241 Quid
1334 3174 1495 3231 hunc
1539 3172 1759 3229 malum
1805 3167 2061 3231 fovetis?
2106 3181 2209 3232 aut
2253 3175 2394 3248 quid
2441 3176 2535 3233 hic
2573 3184 2797 3250 ·potest,

1104 3357 1186 3421 15,
1223 3367 1263 3406 4.
1302 3355 1350 3410 Ο
1390 3354 1611 3409 memini
1651 3355 1715 3421 L,
1765 3355 1996 3411 Omnem
2045 3356 2118 3410 mi
2156 3359 2226 3410 D.
2347 3357 2454 3411 hac
2494 3357 2559 3409 L.
2666 3371 2704 3409 5.
2744 3358 2900 3412 trhae
2939 3362 3009 3412 D.

962 3442 1000 3478 6.
1039 3427 1161 3497 pari
1197 3426 1624 3478 Laurentianus:
1679 3443 1870 3497 parum
1905 3426 2024 3479 DL.
2149 3427 2304 3481 fuisti
2341 3430 2411 3480 D.
2545 3440 2582 3479 7.
2622 3430 2825 3484 Casum
2863 3431 2932 3495 D,
2973 3430 3079 3483 Oa-

965 3514 1060 3552 sus
1096 3497 1157 3548 L.
1279 3511 1376 3549 ver
1419 3512 1452 3548 a
1488 3495 1909 3550 Laurentianus:
1948 3496 2122 3551 verba
2159 3498 2277 3549 DL.
2406 3510 2445 3548 s.
2483 3499 2651 3553 Facti
2688 3502 2758 3552 D.
2878 3512 2938 3550 10.
2979 3516 3080 3570 op-

960 3568 1188 3638 probria
1222 3566 1419 3618 romui
1458 3567 1528 3616 D.
1622 3579 1684 3618 11.
1723 3579 1784 3619 12.
1829 3568 2189 3631 Quintilianus
2229 3577 2277 3631 9,
2322 3579 2371 3633 4,
2418 3578 2531 3620 141.
2627 3581 2690 3620 13.
2728 3569 2898 3622 Manu
2938 3586 3078 3623 mur-

938 3654 1074 3700 ,ram
1116 3635 1179 3700 L,
1219 3634 1362 3688 Nam
1403 3650 1634 3688 murram
1672 3639 1744 3689 D.
1781 3657 1828 3689 v.
1864 3639 2013 3691 Ptin.
2049 3640 2164 3690 hist.
2200 3649 2318 3689 nat.
2347 3647 2432 3701 36,
2464 3648 2511 3689 6.
2645 3651 2709 3689 14.
2749 3640 2979 3694 Habeat
3015 3639 3079 3693 L.

1030 3710 1160 3759 ante
1199 3710 1258 3758 et
1294 3705 1527 3757 Statius:
1561 3722 1684 3759 cum
1723 3712 1780 3762 te
1818 3713 1877 3763 et
1914 3709 1974 3774 L,
2016 3713 2074 3762 et
2111 3723 2233 3761 cum
2276 3711 2334 3760 te
2371 3710 2441 3761 D.
2558 3721 2620 3760 17.
2661 3710 3081 3764 Perambulavit

959 3779 1079 3828 DL.
1224 3787 1272 3825 18
1325 3774 1560 3830 idoneus
1600 3778 1717 3828 DL.
1755 3782 1983 3832 correxit
2019 3781 2239 3831 Statius.
2389 3791 2452 3828 23.
2491 3784 2687 3833 nostra
2723 3780 2783 3832 L.
2918 3780 3077 3832 diffu-

957 3851 1085 3900 tura
1119 3846 1241 3899 DL.
1276 3848 1450 3912 patim
1487 3845 1761 3902 defututa.
1882 3862 1945 3900 25.
1985 3849 2086 3903 alit
2125 3847 2189 3913 L,
2231 3848 2311 3901 ait
2347 3849 2415 3899 D.
2454 3850 2603 3903 aliud
2642 3852 2898 3919 Baptista
2938 3854 3080 3902 Gua-

957 3919 1125 3982 rinus,
1165 3916 1278 3969 alid
1306 3916 1523 3969 Statius.
1630 3932 1696 3971 26.
1735 3919 2055 3990 expatravit
2092 3918 2406 3972 ἐπετέλεσεν
2428 3921 2752 3988 ylossarium
2784 3923 3077 3985 Philoxeni,

958 3988 1208 4055 ἐκκρίνω,
1250 3987 1342 4039 ἐπὶ
1382 3992 1697 4054 συνουσίας,
1737 3994 1969 4060 expatro
2001 3989 2213 4058 Cyrilli.
2321 4000 2384 4040 27.
2424 3991 2655 4060 primum
2694 3991 2812 4043 DL.
2852 3993 3079 4044 coo-remit

957 4060 1216 4128 Scaliyer.
1339 4069 1401 4106 29.
1442 4058 1658 4112 Hibera
1696 4078 1779 4113 om
1817 4063 1884 4113 D.
2028 4061 2106 4113 sit
2143 4059 2259 4112 DL.
2394 4062 2540 4122 amni
2579 4064 2649 4114 D.
2781 4074 2842 4111 30.
2882 4062 3081 4116 timent

957 4130 1019 4179 L.
1042 4134 1278 4198 sortasse
1317 4128 1479 4181 'l'ime
1520 4128 1830 4197 Britannia,
1869 4132 2011 4184 hunc
2049 4130 2242 4184 timete
2280 4130 2516 4185 Galliae.

1102 4217 1185 4281 16,
1224 4230 1260 4266 1.
1299 4216 1411 4279 hic]
1451 4215 1581 4269 hinc
1620 4218 1737 4270 DL.
