3364 5328
810 604 1219 661 OATULLUS
1260 606 1342 671 72,
1388 604 1591 671 7-74,
1634 614 1679 659 6.
1741 604 1825 671 77,
1872 616 2017 658 1—8.
2379 598 2462 671 71'

519 783 629 852 Qui
674 783 827 857 potis
872 778 1006 841 est?
1047 782 1262 856 inquis.
1317 782 1477 854 quod
1524 789 1819 841 amantem
1862 781 2072 840 iniuria
2118 782 2250 841 talis
2324 806 2331 815 ·

603 868 773 944 Cogit
816 884 1013 927 amare
1058 869 1262 941 magiS,
1309 869 1415 926 sed
1460 869 1613 927 bene
1656 868 1807 928 velle
1849 867 2062 926 minus

515 1034 740 1133 Desine
785 1075 858 1133 de
903 1089 1201 1149 quoquam
1249 1074 1565 1149 quicquam
1610 1073 1764 1131 bene
1810 1073 1960 1132 velle
2005 1074 2217 1132 mereri

432 1172 484 1209 20
595 1158 712 1217 Aut
754 1160 1009 1234 aliquem
1054 1160 1177 1218 fieri
1223 1175 1399 1233 posse
1442 1165 1651 1233 putare
1694 1159 1874 1232 pium.

514 1245 722 1304 Omnia
765 1253 906 1304 sunt
946 1246 1193 1320 ingrata,
1243 1245 1384 1303 nihil
1432 1245 1639 1304 fecisse
1680 1244 1964 1319 benigne:

593 1332 780 1393 Immo
827 1331 1000 1389 etiam
1045 1332 1257 1402 taedet,
1304 1331 1353 1388 si
1399 1331 1479 1403 fit,
1528 1332 1815 1405 obestque
1860 1329 2076 1404 magis3

513 1415 584 1474 Ut
629 1416 787 1489 mihi,
832 1432 1009 1490 quem
1053 1431 1226 1475 nemo
1272 1418 1509 1492 gravius
1556 1432 1666 1476 nec
1712 1415 1979 1475 acerbius
2025 1422 2213 1491 urget,

593 1502 782 1573 Quam
805 1503 984 1562 modo
1016 1503 1114 1575 qui
1147 1518 1241 1560 me
1265 1519 1449 1562 unum
1481 1511 1658 1579 atque
1679 1504 1922 1562 unicum
1947 1503 2200 1562 amicum
2223 1502 2446 1560 habuit.

425 1722 476 1760 25
504 1670 737 1767 Gellius
783 1710 1052 1769 audierat
1095 1715 1372 1784 patruum
1421 1709 1738 1783 obiurgare
1783 1708 1993 1777 solere,

590 1794 786 1868 Siquis
831 1794 1068 1855 delicias
1115 1795 1336 1853 diceret
1380 1801 1481 1852 aut
1525 1795 1764 1853 faceret.

504 1878 629 1939 Hoc
674 1895 750 1937 ne
794 1880 903 1953 ipsi
950 1881 1256 1950 accideret,
1304 1881 1498 1953 patrui
1542 1878 1885 1955 perdepsuit
1928 1877 2114 1950 ipsam

586 1966 837 2024 Uxorem
885 1973 942 2023 et
984 1972 1261 2040 patruum
1305 1965 1561 2024 reddidit
1597 1964 2037 2037 Harpocratem.

503 2051 675 2120 Quod
720 2050 906 2109 voluit
948 2051 1114 2110 fecit:
1162 2066 1318 2121 nam,
1366 2051 1633 2123 quamvis
1677 2051 1934 2107 inrumet
1977 2049 2169 2122 ipsum

418 2151 471 2188 ³0
582 2137 749 2195 Nunc
793 2143 1089 2210 patruum,
1139 2137 1385 2195 verbum
1431 2151 1551 2195 non
1596 2135 1772 2194 faciet
1813 2141 2077 2208 patruus

370 2342 450 2405 68
497 2307 667 2403 Rufe
712 2344 853 2403 mihi
898 2346 1115 2403 frustra
1159 2358 1229 2400 ac
1273 2342 1669 2417 nequicquam
1717 2341 1938 2400 credite
1981 2340 2171 2400 amico

585 2424 895 2505 (Frustra‘l
940 2430 1119 2487 immo
1165 2444 1382 2502 magno
1428 2442 1563 2485 cum
1605 2427 1795 2500 pretio
1843 2434 2019 2500 atque
2062 2427 2266 2504 malo),

494 2516 722 2575 Siccine
763 2515 1063 2590 subrepsti
1105 2514 1220 2572 mci
1264 2521 1442 2587 atque
1484 2514 1759 2572 intestina
1806 2528 2093 2587 perurens

579 2601 642 2660 Ei
687 2601 904 2661 misero
951 2600 1211 2676 eripuisti
1257 2599 1456 2659 omnia
1500 2605 1704 2658 nostra
1748 2594 1950 2661 bona?

436 2700 462 2740 ⁵
489 2688 781 2763 Eripuisti‚
832 2690 946 2747 heu
992 2690 1110 2749 heu
1156 2694 1395 2747 nostrae
1438 2688 1678 2746 crudele
1724 2702 2019 2747 venenum

576 2775 760 2847 Vitae,
806 2776 924 2833 heu
968 2776 1086 2833 heu
1131 2781 1369 2832 nostrae
1413 2774 1593 2846 pestis
1638 2773 1945 2832 amicitiae.

490 2861 606 2919 Sed
650 2875 811 2920 nunc
854 2860 913 2917 id
961 2861 1153 2929 doleo,
1201 2861 1362 2932 quod
1409 2873 1593 2930 purae
1635 2873 1787 2930 pura
1830 2858 2061 2932 puellae

578 2945 750 3003 Savia
795 2944 1114 3003 conminxit
1156 2959 1370 3016 spurca
1413 2943 1599 3000 saliva
1642 2949 1764 3000 tua.
2014 2976 2019 2982 -

463 3175 548 3238 67,
584 3187 646 3225 1⁷.
686 3172 832 3243 Quid
870 3177 940 3239 D,
982 3173 1119 3241 Quis
1156 3175 1578 3228 Laurentianus.
1695 3174 1883 3244 niquis
1913 3194 1984 3241 pr
2021 3174 2084 3231 L.
2115 3184 2120 3190 '
2211 3181 2340 3234 telis
2379 3185 2432 3234 D

320 3247 479 3299 solas.
621 3257 681 3295 18.
720 3247 919 3299 Donat.
958 3246 1129 3298 Andr.
1170 3255 1218 3302 4.
1261 3254 1308 3303 3,
1351 3253 1398 3298 3.
1543 3257 1606 3295 19.
1648 3245 1939 3314 quisquam
1978 3245 2038 3301 L.
2180 3262 2243 3301 22.
2283 3253 2332 3304 si
2369 3253 2432 3305 fit

322 3314 596 3384 obestque
623 3314 821 3387 magis]
863 3318 941 3369 sio
965 3320 1088 3384 fere
1114 3317 1394 3380 Ammius,
1431 3316 1544 3368 nisi
1566 3317 1708 3382 quod
1733 3315 1927 3369 taedet
1962 3318 2040 3369 bis
2058 3322 2264 3384 posuit.-
2301 3325 2432 3376 mihi

320 3386 367 3439 si
404 3384 467 3439 fit
502 3388 560 3440 in
599 3390 729 3450 stet,
767 3388 911 3454 quod
934 3389 1055 3439 libri
1090 3388 1298 3451 habent,
1340 3388 1506 3440 latere
1532 3388 1828 3439 videbatur.
1878 3390 2101 3456 stetque
2130 3389 2428 3460 (obestque

316 3491 498 3542 maryo
534 3472 601 3539 L)
641 3473 930 3541 magisque
968 3472 1146 3541 magis
1172 3473 1287 3524 DL.
1395 3486 1458 3529 23.
1498 3490 1588 3544 qm
1626 3476 1663 3526 i.
1703 3492 1744 3527 e.
1786 3474 2046 3543 quoniam
2073 3476 2141 3537 D,
2181 3492 2323 3546 quae
2360 3480 2425 3530 L.

385 3555 448 3594 24.
487 3543 720 3598 amicum
758 3543 930 3596 habet
967 3543 1088 3606 DL,
1130 3543 1326 3596 habuit
1362 3544 1594 3597 amicum
1633 3546 2052 3599 Laurentianus.
2191 3558 2254 3603 25.
2292 3548 2425 3602 Lel-

314 3613 422 3668 lius
457 3614 531 3679 L,
555 3613 753 3668 Lelius
791 3615 861 3665 D.
990 3613 1244 3682 obiurgia
1281 3614 1681 3668 Laurentianus
1720 3626 1769 3668 et
1803 3617 2204 3683 Riccardianue,
2245 3618 2426 3672 abiur-

313 3684 408 3752 gia
441 3687 512 3741 D.
620 3683 752 3739 flere
789 3684 906 3737 DL.
1012 3696 1074 3735 2⁷.
1112 3683 1438 3755 pei-despuit
1472 3685 1587 3740 DL.
1628 3690 1858 3741 correxit
1893 3687 2152 3758 Scaliger.
2267 3702 2330 3745 28.
2370 3693 2428 3743 et

314 3753 388 3805 L:
424 3759 484 3808 at
520 3758 590 3811 D.

453 3842 538 3897 68.
575 3843 660 3897 69.
699 3841 819 3895 Has
857 3844 994 3895 duas
1023 3844 1256 3911 paginas
1292 3843 1442 3895 Scali
1477 3860 1565 3896 ero
1602 3845 1738 3898 duce
1774 3845 1861 3897 hie
1897 3849 2054 3911 posui
2064 3884 2077 3909 ,
2129 3866 2262 3915 quas
2300 3848 2427 3902 libri

313 3913 573 3965 collocant
612 3922 740 3981 post
789 3914 872 3969 70.
1017 3913 1102 3976 68,
1141 3924 1179 3964 1.
1218 3911 1378 3966 Ruffe
1425 3862 1487 3964 Ξ.
1632 3927 1671 3965 2.
1711 3930 1820 3968 uno
1868 3914 2281 3971 Laurentianus

310 3995 350 4038 a.
388 3983 636 4036 subrecti
672 3983 790 4049 DL,
829 3983 1081 4053 subrepti
1118 3985 1409 4036 Parisinus
1456 3993 1505 4037 et
1541 3985 1961 4042 Laurentianus.
2084 4000 2121 4039 4.
2160 3988 2241 4041 Mi
2278 3989 2421 4041 Lau-

309 4056 612 4116 rentianus,
653 4053 750 4107 Sic
786 4056 856 4118 D,
900 4051 962 4108 Si
1008 4054 1075 4118 L,
1113 4072 1177 4108 ex
1212 4072 1313 4122 quo
1337 4056 1458 4124 feci
1491 4055 1577 4108 Ei.
1686 4057 1856 4111 miser
1889 4059 1960 4109 D.
2067 4071 2106 4111 5.
2141 4058 2423 4128 Aripuisti

310 4125 380 4177 D.
512 4136 551 4176 6.
590 4127 786 4194 pectus
822 4125 936 4178 DL.
1082 4136 1224 4175 7-10
1262 4126 1388 4179 libri
1417 4136 1630 4193 ponunt
1658 4138 1782 4193 post
1819 4129 1927 4181 tria
1961 4146 2098 4198 quae
2132 4140 2423 4198 sequuntur

290 4194 568 4247 'distichae
606 4196 706 4247 huc
742 4198 1006 4249 revocavit
1041 4194 1297 4262 Scaliqer.
1429 4207 1467 4252 7.
1505 4211 1677 4270 purae
1715 4195 1789 4249 L:
1828 4213 1969 4272 puer
2003 4201 2071 4254 D.
2210 4212 2250 4254 8.
2287 4214 2418 4255 con-

308 4263 506 4322 minxit
539 4263 811 4339 Sealiqerz
850 4266 1139 4325 coniunxit
1175 4264 1295 4323 DL.
