3364 5328
856 608 1269 666 GATULLUS
1309 610 1395 674 64,
1440 618 1624 660 103—
1650 617 1763 662 130.
2283 604 2364 664 49

337 809 391 846 2⁰
418 797 551 854 Non
598 793 826 863 ingrata
870 794 1065 843 tamen
1113 785 1333 843 frustra
1379 783 1734 842 munuscula
1780 781 1927 838 divis

333 898 338 903 ·
420 879 779 939 Promittens
824 873 1000 930 tacito
1043 873 1348 929 succendit
1391 878 1528 927 vota
1574 867 1809 926 labello.

419 968 565 1024 Nam
615 962 776 1021 velut
818 959 875 1016 in
920 971 1151 1014 summo
1198 957 1555 1028 quatientem
1602 952 1845 1010 brachia
1888 951 2081 1006 Tauro

423 1054 724 1121 Quercum
772 1051 873 1102 aut
917 1042 1252 1115 conigeram
1298 1041 1532 1100 sudanti
1579 1038 1794 1096 cortice
1841 1038 2041 1109 pinum

424 1135 753 1196 Indomitus
795 1129 972 1187 turbo
1018 1134 1418 1198 contorquens
1463 1125 1698 1182 flamine
1743 1124 1927 1180 robur

339 1239 391 1277 25
421 1222 591 1283 Eruit
638 1219 761 1292 (illa
807 1213 1015 1287 procul
1060 1212 1360 1269 radicibus
1406 1210 1714 1268 exturbata

424 1311 622 1368 Prona
668 1301 842 1371 cadit,
891 1300 1126 1370 lateque
1172 1297 1447 1354 tumieius
1495 1295 1667 1353 obvia
1713 1289 2036 1367 frangens),

425 1395 523 1453 Sic
571 1389 793 1448 domito
837 1399 1079 1442 saevum
1126 1383 1446 1456 prostravit
1490 1395 1738 1453 corpore
1783 1380 2044 1435 Theseus

425 1477 826 1550 Nequicquam
874 1469 1039 1527 vanis
1085 1470 1399 1526 iactantem
1447 1481 1671 1524 cornua
1716 1466 1923 1522 ventiS.

428 1564 574 1622 lnde
620 1560 830 1634 pedem
875 1569 1081 1627 sospes
1125 1555 1310 1611 multa
1350 1568 1485 1611 cum
1528 1552 1706 1609 laude
1751 1550 1975 1607 reflexit

341 1665 396 1702 3⁰
425 1645 775 1708 Errabunda
819 1655 1029 1714 regens
1072 1639 1522 1711 tenui·vestigia
1570 1636 1688 1706 iilo,

299 1735 382 1794 46
434 1736 514 1793 Ne
562 1728 946 1804 labyrintheis
994 1741 1026 1783 e
1070 1725 1319 1784 flexibus
1365 1723 1765 1797 egredientem

436 1819 594 1878 Tecti
641 1817 1023 1874 frustraretur
1065 1809 1516 1869 inobservabilis
1562 1822 1746 1881 error.

435 1906 552 1965 Sed
597 1901 739 1976 quid
783 1913 892 1972 ego
939 1913 973 1954 a
1017 1898 1207 1970 primo
1253 1896 1553 1968 digressus
1599 1891 1859 1949 carmine
1904 1891 2073 1964 plura

440 1991 923 2053 commemorem,
973 1989 1038 2040 ut
1082 1983 1356 2054 linquens
1402 1978 1684 2053 genitoris
1730 1976 1847 2034 filia
1892 1976 2137 2042 vultum,

382 2091 407 2128 ⁵
437 2079 509 2136 Ut
554 2070 1030 2144 consanguineae
1073 2067 1464 2141 complexum,
1513 2070 1578 2121 ut
1624 2062 1879 2134 denique
1925 2061 2147 2129 matriS,

440 2163 602 2231 Quae
648 2158 859 2215 misera
903 2154 964 2211 in
1013 2161 1189 2228 gnata
1235 2151 1540 2225 deperdita
1582 2149 1735 2206 laeta
1785 2190 2050 2204 .....
2075 2190 2088 2215 ,

441 2247 728 2308 Omnibus
774 2241 864 2299 his
897 2239 1117 2298 ‘Thesei
1164 2239 1397 2296 dulcem
1446 2234 1805 2308 praeoptarit
1850 2247 2131 2300 amorem,

373 2371 377 2375 -
443 2335 557 2392 Aut
605 2338 669 2389 ut
713 2333 880 2385 vecta
925 2327 1067 2384 ratis
1111 2339 1394 2399 spumosa
1440 2323 1515 2379 ad
1560 2321 1731 2378 litora
1777 2320 1933 2390 Diae,

437 2421 553 2477 Aut
598 2424 662 2476 ut
707 2430 836 2473 eam
883 2413 1213 2469 devinctam
1259 2409 1483 2468 lumina
1526 2420 1736 2464 somno

358 2501 699 2578 10Liquerit
742 2497 1068 2557 immemori
1117 2496 1425 2554 discedens
1471 2499 1711 2566 pectore
1755 2486 2053 2549 coniunx?

440 2592 629 2663 Saepe
673 2586 830 2643 illam
877 2583 1191 2657 perhibent
1235 2579 1465 2638 ardenti
1511 2579 1692 2636 corde
1736 2577 2024 2636 furentem

443 2676 779 2734 Clarisonas
823 2672 941 2729 imo
987 2670 1213 2728 fudisse
1259 2684 1291 2726 e
1336 2674 1576 2741 pectore
1620 2680 1817 2732 voces,

441 2764 524 2820 Ac
569 2769 695 2818 tum
741 2763 1090 2832 praeruptos
1136 2756 1363 2813 tristem
1408 2752 1811 2810 conscendere
1856 2755 2106 2818 monteS,

442 2849 608 2907 Unde
657 2846 837 2902 aciem
883 2844 943 2900 in
990 2841 1184 2916 pelagi
1229 2846 1429 2897 vastos
1473 2836 1854 2910 protenderet
1896 2842 2112 2902 aestuS,

361 2947 410 2985 15
438 2935 585 2991 Tum
630 2928 862 2988 tremuli
909 2928 1048 2983 salis
1095 2927 1773 2994 adversas-procurrere
1816 2920 1875 2976 in
1920 2920 2113 2977 undas

442 3018 637 3077 Mollia
680 3014 938 3071 nudatae
982 3011 1285 3066 tollentem
1330 3006 1588 3079 tegmina
1632 3020 1825 3073 surae,

445 3104 637 3173 Atque
682 3100 829 3155 baec
875 3094 1150 3161 extremis
1196 3097 1481 3149 maestam
1529 3090 1745 3147 dixisse
1789 3088 2063 3160 quereliS,

417 3265 504 3327 45,
539 3274 602 3311 21.
644 3257 938 3329 suspendit
974 3259 1275 3311 Parisinus.
1333 3256 1591 3326 succepit
1628 3255 1849 3308 Statius.
1959 3256 2106 3312 veta,
2130 3254 2199 3307 D.

275 3348 339 3387 22.
379 3333 550 3385 veluti
588 3331 643 3382 in
683 3333 751 3384 D.
879 3335 958 3380 23.
997 3329 1338 3396 cornigeram
1379 3325 1499 3378 DL.
1621 3340 1854 3395 corpore
1895 3326 1965 3375 D.
2116 3336 2179 3376 24.
2217 3321 2380 3375 Indo-

279 3405 468 3455 mitum
506 3403 575 3455 D.
698 3398 1032 3452 Indomitum
1077 3400 1278 3452 turben
1325 3397 1648 3466 Spenyelius.
1810 3407 1873 3449 25.
1912 3394 2085 3447 Exuit
2119 3395 2180 3445 L.
2299 3410 2383 3445 ra-

281 3472 498 3526 dicibus
536 3472 842 3532 Parisinus,
882 3470 1292 3532 Laurentianus,
1332 3467 1756 3520 Riecardianus:
1796 3464 2059 3518 radicitus
2098 3465 2213 3517 DL.

278 3557 341 3595 26.
381 3542 639 3603 tumieius
677 3543 746 3605 D,
785 3556 905 3593 cum
935 3541 1053 3593 eius
1079 3539 1126 3589 L
1163 3551 1211 3591 et
1237 3536 1652 3599 Laurentianus,
1691 3542 1804 3589 tum
1833 3536 1953 3588 eius
1979 3536 2389 3588 Riccardianus.

265 3619 506 3683 sortasse
541 3612 657 3665 lats
698 3627 807 3680 qua
845 3617 935 3664 est
969 3611 1229 3681 impetus.
1347 3608 1512 3661 obvia
1545 3609 1866 3670 Parisinus,
1904 3606 2306 3660 Laurentianus
2346 3616 2393 3656 ec

277 3702 459 3753 mai-90
499 3684 574 3734 L.-
614 3681 798 3736 omnia
834 3682 955 3734 DL.
1097 3693 1158 3733 30.
1197 3683 1396 3732 tenens
1428 3697 1498 3744 pr
1535 3677 1598 3732 L.

417 3771 504 3833 46,
544 3782 585 3830 1.
619 3767 985 3821 laberintheis
1025 3765 1145 3821 DL.
1253 3777 1292 3820 2.
1331 3764 1727 3819 frustrarentur
1765 3763 1828 3820 L.
1936 3779 1973 3818 3.
2012 3781 2045 3817 a
2082 3765 2393 3816 Parisinus.-

280 3858 401 3895 cum
439 3840 558 3896 DL.
701 3840 946 3892 carmina
983 3838 1390 3891 Riccardianus.
1535 3836 1687 3906 pluvi
1726 3838 1795 3900 D,
1973 3849 2014 3887 e.
2053 3836 2240 3903 ignata
2276 3833 2392 3894 DL,

280 3914 525 3979 unguata
562 3926 742 3977 mar-90
780 3909 842 3962 L.
931 3911 1164 3977 sortasse
1202 3906 1532 3961 laetabatur.
1646 3918 1684 3961 7.
1725 3910 2087 3976 praeoptaret
2121 3923 2303 3973 margo
2330 3903 2393 3964 L,

280 3986 526 4052 portaret
563 3980 682 4032 DL.
826 3993 865 4034 8.
891 3982 1127 4047 sortasse
1163 3977 1284 4031 rati.
1429 3990 1466 4032 9.
1492 3980 1725 4046 fortasse
1764 3977 2014 4040 Venerit,
2058 3980 2168 4028 ant.
2298 3973 2392 4025 de·

283 4053 469 4105 vincta
506 4051 576 4114 D,
618 4049 841 4103 devicta
880 4051 938 4103 L.
1082 4061 1144 4103 10.
1184 4047 1536 4101 descendens
1576 4050 1645 4103 D.
1789 4060 1850 4100 11.
1889 4047 2198 4115 prohybent
2234 4046 2303 4098 D.

282 4135 342 4175 12.
386 4120 740 4175 clarissimas
780 4123 849 4173 D.
976 4132 1038 4174 13.
1077 4121 1160 4171 At
1195 4118 1257 4172 L.
1299 4152 1303 4155 >
1364 4119 1556 4171 tristes
1596 4120 1664 4183 D,
1704 4118 1885 4171 tristis
1924 4115 1988 4172 L.
2098 4112 2395 4168 ostendere

283 4194 352 4247 D.
495 4202 558 4241 14.
599 4191 651 4243 in
692 4210 770 4242 om
810 4192 926 4247 DL.
1046 4187 1444 4260 praetenderet
1480 4190 1550 4241 D.
1703 4201 1762 4244 17.
1804 4189 1939 4241 haec
1980 4186 2395 4238 Rimas-dianus.-

282 4263 388 4317 hoc
427 4262 489 4326 L,
529 4279 610 4315 om
650 4264 703 4313 D
739 4273 787 4314 et
821 4281 890 4328 pr
928 4260 990 4313 L.
1104 4260 1318 4314 dixisse
1360 4260 1646 4314 mestaD.

1892 4349 1931 4408 4
