3364 5328
907 622 983 681 10
1501 614 1920 670 GATULLUS
1960 616 2045 680 11,
2086 615 2294 679 7-12,
2339 624 2416 666 15.

1073 793 1209 873 Sive
1254 807 1370 866 qua
1412 788 1912 866 septemgeminus
1959 793 2184 851 colorat

1474 876 1750 951 Aequora
1793 877 1973 949 Nilus,

1072 965 1207 1024 Sive
1250 970 1414 1022 trans
1459 963 1607 1021 altas
1653 962 1954 1038 gradietur
1997 962 2193 1037 AlpeS,

1075 1049 1341 1108 Caesaris
1387 1049 1582 1107 visens
1628 1048 1991 1108 monimenta
2035 1050 2254 1124 magni,

995 1148 1044 1187 1⁰
1072 1136 1358 1194 Gallicum
1403 1135 1675 1194 Rhenum
1720 1135 2150 1208 horribilesque
2195 1136 2327 1195 ulti·

1476 1235 1723 1293 mosque
1768 1221 2101 1293 Britannos,

1075 1306 1282 1366 Omnia
1327 1308 1495 1377 haec,
1542 1320 1933 1379 quaecunque
1977 1306 2126 1365 feret
2169 1308 2442 1367 voluntas

1074 1392 1378 1463 Caelitum,
1425 1398 1715 1466 temptare
1758 1391 1932 1450 simul
1976 1393 2181 1466 parati,

1073 1480 1269 1541 Pauca
1313 1478 1581 1537 nuntiate
1624 1492 1792 1536 meae
1836 1479 2068 1551 puellae

993 1576 1041 1615 ιι
1470 1563 1598 1621 Non
1644 1564 1800 1622 bona
1848 1563 2021 1621 dicta.

1071 1650 1217 1708 Cum
1262 1648 1385 1706 suis
1428 1648 1587 1707 vivat
1630 1650 1941 1721 valeatque
1985 1649 2268 1719 moechiS,

1070 1737 1232 1804 Quos
1277 1734 1452 1794 simul
1498 1736 1805 1808 complexa
1849 1741 2012 1794 tenet
2056 1741 2371 1805 trecentos,

1068 1821 1303 1879 Nullum
1349 1834 1555 1878 amans
1599 1830 1757 1891 vere,
1804 1821 1910 1879 sed
1954 1820 2273 1879 identidem
2320 1821 2584 1881 omnium

1470 1905 1573 1964 llia
1615 1921 1925 1980 rumpens:

987 2002 1039 2042 2⁰
1066 1992 1181 2049 Nec
1226 2007 1425 2050 meum
1470 2000 1779 2066 respectet,
1826 1999 1893 2051 ut
1934 2000 2091 2064 ante,
2138 2008 2419 2063 amorem,

1068 2077 1179 2146 Qui
1225 2077 1379 2136 illius
1427 2078 1599 2150 culpa
1643 2078 1854 2139 cecidit
1896 2078 2059 2137 velut
2103 2080 2256 2153 prati

1075 2163 1265 2223 Ultimi
1309 2163 1439 2236 ssos,
1484 2170 1898 2237 praetereunte
1940 2171 2257 2238 postquam

1470 2248 1684 2308 Tactus
1730 2253 1925 2307 aratro
1973 2256 2078 2308 est.

1066 2433 1416 2527 Marrucine
1462 2466 1642 2539 Asini,
1689 2483 1870 2525 manu
1913 2467 2148 2528 sinistra

989 2567 1040 2606 25
1067 2555 1193 2612 Non
1239 2555 1392 2612 belle
1438 2553 1619 2611 uteris
1662 2553 1723 2611 in
1772 2553 1902 2611 ioco
1949 2561 2128 2627 atque
2172 2556 2339 2615 vino:

1068 2640 1246 2699 Tollis
1290 2639 1470 2698 lintea
1515 2638 2029 2714 negligentiorum.

1065 2728 1190 2784 Hoc
1236 2726 1455 2784 salsum
1504 2740 1634 2783 esse
1676 2720 1895 2799 putas?
1941 2726 2090 2799 fugit
2133 2733 2208 2798 te,
2255 2728 2482 2802 inepte:

1066 2812 1346 2881 Quamvis
1390 2810 1631 2869 sordida
1676 2826 1772 2867 res
1818 2817 1878 2868 et
1920 2810 2232 2871 invenusta
2278 2820 2382 2872 est.

1067 2897 1192 2955 Non
1241 2897 1431 2955 credis
1479 2890 1666 2953 mihi?
1714 2897 1889 2954 crede
1935 2896 2186 2956 Pollioni

982 2994 1036 3032 30
1064 2982 1268 3053 Fratri,
1315 2982 1414 3055 qui
1460 2989 1563 3039 tua
1606 2981 1763 3039 furta
1806 2982 1898 3039 vel
1943 2982 2165 3063 talento

984 3065 1021 3125 8
1067 3068 1276 3126 Mutari
1322 3067 1487 3126 velit:
1536 3073 1626 3126 est
1670 3066 1828 3124 enim
1875 3066 2144 3141 leporum

1067 3154 1327 3213 Disertus
1372 3169 1521 3226 puer
1566 3167 1635 3210 ac
1680 3152 2042 3211 facetiarum.

1069 3240 1263 3307 Quare
1307 3245 1410 3296 aut
1452 3238 1981 3311 hendecasyllabos
2026 3245 2322 3299 trecentos

1066 3326 1341 3398 Expecta,
1387 3330 1490 3381 aut
1533 3323 1675 3380 mihi
1722 3323 1966 3381 linteum
2012 3325 2259 3395 remitte,

1011 3421 1035 3458 5
1065 3410 1238 3478 Quod
1284 3424 1379 3466 me
1424 3424 1543 3467 non
1590 3414 1789 3466 movet
1834 3408 2255 3480 aestimatione,
2323 3426 2332 3433 ·

1067 3496 1285 3552 Verum
1330 3499 1418 3551 est
1461 3507 1912 3567 mnemosynum
1954 3495 2070 3551 mei
2112 3496 2352 3556 sodaliS.

1066 3580 1209 3637 Nam
1255 3578 1494 3636 sudaria
1539 3577 1791 3636 Saetaba
1838 3594 1909 3636 ex
1954 3579 2216 3640 Hibereis

1068 3664 1352 3723 Miserunt
1394 3664 1535 3722 mihi
1580 3664 1811 3723 muneri
1857 3665 2138 3725 Fabullus

1039 3832 1088 3894 7,
1125 3843 1164 3885 e.
1205 3845 1347 3898 quae
1384 3830 1501 3881 DL.
1666 3843 1705 3885 9.
1743 3830 1942 3886 videns
1981 3831 2099 3886 DL.
2278 3845 2339 3885 10.
2380 3850 2485 3902 que
2523 3852 2606 3885 om
2642 3834 2928 3887 parisium
2966 3846 3016 3886 et

899 3902 1320 3954 Laurentianus,
1394 3900 1690 3955 horribiles
1739 3905 1800 3954 et
1843 3904 1929 3954 vel
1972 3901 2381 3973 horribilesque
2429 3905 2486 3956 in
2525 3904 2676 3956 Itali.
2749 3904 3014 3958 horribile

899 3988 1107 4055 aequor
1143 3970 1434 4039 Haupciua.
1602 3983 1663 4024 12.
1705 3969 1850 4024 feret
1884 3976 2320 4055 Laurentianus<
2353 3974 2480 4027 sere
2518 3975 2581 4039 L,
2621 3974 2762 4028 ferre
2800 3978 2873 4028 D.

899 4042 1728 4180 21.2gugess.igent?drgssst}{am
1766 4043 1854 4169 ,ἐι
1893 4044 2395 4167 ἴαΙεῖῗὶωΜῖῗῖωωθ
2432 4046 2553 4097 DL·
2677 4043 2908 4100 fineStra
2943 4049 3014 4099 D,

1041 4199 1090 4261 8,
1129 4196 1572 4252 &extimatione
1611 4199 1681 4249 D.
1788 4212 1829 4250 6.
1867 4214 2028 4253 nemo
2068 4199 2248 4254 sinum
2277 4202 2394 4257 DL.
2506 4214 2544 4253 7.
2584 4200 2838 4274 thessala
2870 4203 2941 4255 D.

902 4265 1168 4352 exhibere
1207 4266 1328 4321 DL.
1396 4315 1399 4316 γ
1470 4281 1509 4325 a.
1547 4267 1762 4323 numeri
1796 4269 1861 4321 L.
1953 4301 1956 4304 -
