3364 5328
885 645 1299 704 GATULLUS
1338 647 1459 714 110,
1490 657 1511 700 1
1528 649 1727 712 -114,
1755 658 1802 700 6.
2316 653 2392 717 81

454 826 753 933 Aufilena,
799 861 994 921 bonae
1037 875 1274 935 semper
1317 860 1642 918 laudantur
1687 857 1937 916 amicae:

542 948 851 1020 Accipiunt
894 946 1166 1022 pretium,
1216 960 1368 1018 quae
1413 946 1606 1003 facere
1651 943 1985 1002 instituunt.

453 1035 558 1105 Tu,
608 1033 769 1106 quod
813 1033 1098 1106 promisti,
1145 1031 1285 1089 mihi
1332 1031 1494 1103 quod
1537 1029 1803 1102 mentita,
1849 1030 2084 1089 inimica
2130 1048 2211 1103 ea,

539 1119 711 1187 Quod
757 1135 867 1178 nec
913 1119 1020 1176 das
1062 1131 1174 1175 nec
1220 1117 1355 1187 ferS,
1401 1130 1578 1189 saepe
1624 1115 1768 1173 facis
1814 1115 2061 1176 facinuS.

372 1217 423 1256 2⁵
448 1204 566 1263 Aut
609 1204 807 1264 facere
851 1206 1145 1278 ingenuae
1189 1208 1296 1272 est,
1342 1208 1446 1260 aut
1490 1216 1610 1259 non
1656 1201 1947 1275 promisse
1990 1202 2260 1275 pudicae,

540 1289 827 1363 Aufilena,
874 1289 1011 1348 fuit:
1057 1288 1164 1346 sed
1208 1289 1344 1346 data
1390 1287 1688 1361 corripere

403 1388 411 1394 ·
454 1377 808 1435 Fraudando
1060 1375 1194 1448 plus
1239 1389 1419 1447 quam
1464 1372 1786 1432 meretricis
1834 1388 2067 1447 avarae,

551 1461 715 1530 Quae
757 1478 888 1522 sese
930 1468 1054 1521 toto
1101 1474 1350 1534 corpore
1391 1459 1706 1535 prostituit.

457 1644 751 1754 Aufilena,
799 1682 925 1743 viro
971 1690 1278 1742 contentas
1320 1685 1519 1745 vivere
1564 1685 1717 1755 solo,

377 1781 431 1821 ³0
539 1769 862 1843 Nuptarum
908 1770 1038 1827 laus
1083 1786 1116 1827 e
1160 1770 1436 1829 laudibus
1482 1771 1737 1828 eximiis:

331 1851 413 1913 76
458 1855 575 1914 Sed
620 1855 804 1913 cuivis
850 1855 1116 1928 quamvis
1162 1855 1355 1928 potius
1400 1856 1793 1915 succumbere
1836 1869 1944 1928 par
1991 1860 2097 1927 est,

543 1940 731 2011 Quam
774 1948 1025 1998 matrem
1070 1941 1280 1998 fratres
1532 1957 1602 2000 ex
1649 1947 1882 2014 patrm.

460 2123 696 2221 Multus
740 2164 919 2221 homo
966 2169 1055 2222 est
1098 2162 1251 2222 Naso
1297 2178 1407 2222 nec
1451 2171 1647 2223 tecum
1693 2165 1916 2223 multus
1960 2165 2146 2222 homo
2192 2164 2299 2221 sed

546 2249 884 2308 Descendit:
930 2249 1104 2323 Naso,
1150 2249 1371 2308 multus
1416 2266 1479 2310 es
1525 2259 1583 2310 et
1626 2252 1916 2326 pathicus.

404 2484 430 2524 ⁵
457 2431 724 2532 Consule
767 2470 1048 2544 Pompeio
1093 2471 1346 2544 primum
1393 2472 1531 2545 duo,
1581 2470 1785 2544 Cinna,
1834 2471 2105 2530 solebant

544 2557 799 2616 Mecilia:
848 2556 1002 2614 facto
1047 2556 1293 2615 consule
1337 2573 1498 2617 nunc
1540 2558 1756 2617 iterum

460 2643 803 2704 Manserunt
847 2643 986 2716 duc,
1031 2645 1136 2703 sed
1183 2652 1496 2705 creverunt
1538 2646 1701 2705 milia
1742 2645 1801 2704 in
1848 2661 2034 2705 unum

547 2732 877 2807 singulum.
945 2732 1266 2792 fecundum
1311 2748 1516 2794 semen
1562 2732 1871 2793 adulterio.

463 2914 788 3010 Firmanus
831 2951 986 3009 saltu
1032 2966 1153 3010 non
1198 2953 1347 3010 falso
1392 2950 1650 3008 Mentula
1699 2950 1862 3010 dives

387 3050 439 3088 ιο
548 3037 776 3107 Fertur,
825 3036 926 3107 qui
969 3042 1056 3093 tot
1099 3051 1194 3094 res
1236 3037 1297 3095 in
1342 3053 1407 3095 se
1451 3034 1631 3093 habet
1673 3037 1959 3111 egregiaS‚

466 3118 815 3192 Aucupium,
864 3133 1040 3178 omne
1087 3136 1274 3195 genus
1319 3120 1514 3195 pisciS,
1560 3127 1747 3192 prata,
1797 3138 1937 3181 arva
1985 3120 2278 3197 ferasque.

553 3204 982 3277 Nequicquam:
1030 3206 1257 3264 fructus
1302 3205 1635 3277 sumptibus
1681 3216 1982 3283 exuperat.

465 3292 661 3360 Quare
706 3291 968 3349 concedo
1014 3292 1089 3350 sit
1135 3292 1319 3365 dives,
1363 3293 1502 3350 dum
1549 3291 1749 3349 omnia
1795 3294 2004 3352 desint.

553 3376 779 3435 Saltum
822 3376 1153 3450 laudemuS,
1203 3379 1344 3438 dum
1390 3376 1569 3436 modo
1614 3377 1743 3451 ipse
1789 3386 1977 3454 egeat.

440 3596 527 3660 75,
563 3605 626 3650 22.
662 3592 811 3663 quod
848 3611 1032 3664 mai-90
1069 3595 1134 3646 L.
1239 3605 1303 3648 23.
1341 3593 1653 3664 promisisti
1687 3559 1810 3649 DL.
1916 3606 1979 3647 24.
2019 3598 2078 3648 et
2110 3594 2223 3650 fers
2261 3592 2409 3650 Itali.

367 3678 430 3722 25.
467 3665 747 3736 promissa
781 3663 902 3720 DL.
1008 3676 1073 3722 2⁷.
1111 3663 1286 3718 efficit
1320 3666 1432 3716 add
1458 3664 1521 3730 L,
1560 3665 1751 3720 effecit
1774 3668 2079 3731 Parisinus,
2115 3665 2263 3720 effici
2289 3668 2411 3720 Ric-

297 3738 609 3790 cardiamoe.
714 3747 778 3787 28.
814 3739 939 3789 tota
974 3735 1037 3788 L.
1179 3735 1512 3806 praestituit.
1537 3737 1608 3789 D.
1750 3750 1813 3789 29.
1851 3736 2166 3790 Aufilenam
2204 3736 2268 3803 L,
2309 3737 2411 3792 Su-

297 3806 618 3931 phgchnffna
641 3807 710 3857 D.
809 3809 1107 3861 contentas
1134 3807 1403 3877 Scaliqer:
1431 3809 1753 3860 contentam
1777 3807 1899 3861 DL.
1996 3819 2059 3864 30.
2093 3822 2122 3860 e
2146 3808 2413 3881 Scaliger.-

299 3893 362 3932 es
532 3917 543 3930 .

439 3963 525 4028 76,
562 3976 599 4014 1.
641 3961 756 4017 Sed
795 3963 953 4018 cuius
990 3965 1109 4017 DL.
1252 3980 1382 4036 pars
1422 3968 1513 4019 est
1547 3965 1609 4018 L.
1749 3977 1787 4016 2.
1827 3964 2039 4018 nullum
2071 3966 2416 4019 interstitium

298 4035 359 4086 in
395 4035 460 4100 L,
499 4033 723 4088 efficere
762 4033 913 4088 Itali.
1055 4048 1096 4087 3.
1133 4050 1239 4089 nec
1274 4037 1355 4087 D:
1393 4051 1574 4105 neque
1610 4033 1675 4091 L.
1823 4033 1925 4089 sed
1962 4036 2042 4088 D.-
2082 4050 2189 4103 que
2227 4036 2291 4091 L.

298 4114 338 4159 c.
362 4107 598 4173 fortasse
646 4104 979 4159 Maeciliam.
1121 4117 1159 4156 8.
1201 4103 1433 4174 Singula
1475 4105 1623 4159 Itali.
1774 4118 1813 4158 9.
1852 4105 2001 4160 saltu
2049 4108 2312 4159 Aventino
2357 4107 2416 4158 in

299 4174 425 4226 Ala.
459 4185 614 4227 1502:
655 4174 828 4229 salius
866 4177 987 4228 DL.
1096 4176 1348 4230 mensula
1383 4177 1453 4229 D.
1561 4188 1624 4227 ιι.
1660 4176 1978 4246 Aucupiam
2014 4175 2078 4242 L,
2116 4173 2417 4246 Ancipiam

299 4241 715 4300 Laurentianus.
822 4257 886 4297 12.
922 4246 1049 4301 Nec
1087 4247 1381 4316 quicquam
1420 4250 1672 4318 sumptus
1711 4246 1984 4302 fructibus
2012 4249 2081 4300 D.
2190 4258 2252 4300 14.
2291 4245 2414 4301 Sal-

297 4316 414 4369 tem
446 4314 567 4369 DL.
660 4318 901 4387 fortasse
937 4315 1067 4371 dum
1107 4316 1270 4371 domo
1308 4317 1449 4390 ipse.
