<?xml version="1.0" encoding="UTF-8"?>
<!DOCTYPE html PUBLIC "-//W3C//DTD XHTML 1.0 Transitional//EN"
    "http://www.w3.org/TR/xhtml1/DTD/xhtml1-transitional.dtd">
<html xmlns="http://www.w3.org/1999/xhtml" xml:lang="en" lang="en">
 <head>
  <title>
</title>
<meta http-equiv="Content-Type" content="text/html;charset=utf-8" />
  <meta name='ocr-system' content='tesseract 3.04.00' />
  <meta name='ocr-capabilities' content='ocr_page ocr_carea ocr_par ocr_line ocrx_word'/>
</head>
<body>
  <div class='ocr_page' id='page_1' title='image "./qvaleriicatulli04catugoog_0023.png"; bbox 0 0 3364 5328; ppageno 0'>
   <div class='ocr_carea' id='block_1_1' title="bbox 910 573 2430 676">
    <p class='ocr_par' dir='ltr' id='par_1_1' title="bbox 910 573 2430 676">
     <span class='ocr_line' id='line_1_1' title="bbox 910 573 2430 676; baseline -0.009 -2"><span class='ocrx_word' id='word_1_1' title='bbox 910 573 1318 674; x_wconf 45' lang='lat' dir='ltr'>OA3PULLUS</span> <span class='ocrx_word' id='word_1_2' title='bbox 1361 614 1443 676; x_wconf 79' lang='grc'>12,</span> <span class='ocrx_word' id='word_1_3' title='bbox 1490 610 1728 672; x_wconf 83' lang='lat'>16—14,</span> <span class='ocrx_word' id='word_1_4' title='bbox 1774 617 1852 659; x_wconf 79' lang='lat'><strong>16.</strong></span> <span class='ocrx_word' id='word_1_5' title='bbox 2041 639 2045 643; x_wconf 61' lang='grc'><strong><em>«</em></strong></span> <span class='ocrx_word' id='word_1_6' title='bbox 2361 602 2430 661; x_wconf 90' lang='grc'>11</span> 
     </span>
    </p>
   </div>
   <div class='ocr_carea' id='block_1_2' title="bbox 351 793 1822 952">
    <p class='ocr_par' dir='ltr' id='par_1_2' title="bbox 351 793 1822 952">
     <span class='ocr_line' id='line_1_2' title="bbox 351 793 1822 880; baseline -0.018 -13"><span class='ocrx_word' id='word_1_7' title='bbox 351 874 358 880; x_wconf 52' lang='lat'><em>‚</em></span> <span class='ocrx_word' id='word_1_8' title='bbox 490 809 560 865; x_wconf 89' lang='lat' dir='ltr'>Et</span> <span class='ocrx_word' id='word_1_9' title='bbox 606 800 964 862; x_wconf 82' lang='lat' dir='ltr'>verannius:</span> <span class='ocrx_word' id='word_1_10' title='bbox 1012 797 1160 854; x_wconf 91' lang='lat' dir='ltr'>haec</span> <span class='ocrx_word' id='word_1_11' title='bbox 1204 806 1397 850; x_wconf 87' lang='lat' dir='ltr'>amem</span> <span class='ocrx_word' id='word_1_12' title='bbox 1442 802 1687 847; x_wconf 88' lang='lat' dir='ltr'>necesse</span> <span class='ocrx_word' id='word_1_13' title='bbox 1733 793 1822 843; x_wconf 91' lang='lat' dir='ltr'>est</span> 
     </span>
     <span class='ocr_line' id='line_1_3' title="bbox 407 873 1745 952; baseline -0.016 1"><span class='ocrx_word' id='word_1_14' title='bbox 407 904 460 944; x_wconf 87' lang='lat'>1⁰</span> <span class='ocrx_word' id='word_1_15' title='bbox 485 894 560 952; x_wconf 91' lang='lat' dir='ltr'>Ut</span> <span class='ocrx_word' id='word_1_16' title='bbox 603 884 1027 948; x_wconf 88' lang='lat' dir='ltr'>Veranniolum</span> <span class='ocrx_word' id='word_1_17' title='bbox 1071 892 1271 938; x_wconf 89' lang='lat' dir='ltr'>meum</span> <span class='ocrx_word' id='word_1_18' title='bbox 1316 883 1373 935; x_wconf 87' lang='lat' dir='ltr'>et</span> <span class='ocrx_word' id='word_1_19' title='bbox 1418 873 1745 933; x_wconf 86' lang='lat' dir='ltr'><strong>Fabullum.</strong></span> 
     </span>
    </p>
   </div>
   <div class='ocr_carea' id='block_1_3' title="bbox 393 1061 1970 2270">
    <p class='ocr_par' dir='ltr' id='par_1_3' title="bbox 393 1061 1970 2270">
     <span class='ocr_line' id='line_1_4' title="bbox 491 1061 1753 1159; baseline -0.018 -3"><span class='ocrx_word' id='word_1_20' title='bbox 491 1061 756 1156; x_wconf 71' lang='lat' dir='ltr'>Cenabis</span> <span class='ocrx_word' id='word_1_21' title='bbox 800 1092 973 1159; x_wconf 90' lang='lat' dir='ltr'>bene,</span> <span class='ocrx_word' id='word_1_22' title='bbox 1018 1088 1098 1146; x_wconf 91' lang='lat' dir='ltr'>mi</span> <span class='ocrx_word' id='word_1_23' title='bbox 1143 1083 1404 1153; x_wconf 82' lang='lat' dir='ltr'>Fabulle,</span> <span class='ocrx_word' id='word_1_24' title='bbox 1455 1079 1613 1153; x_wconf 87' lang='lat' dir='ltr'>apud</span> <span class='ocrx_word' id='word_1_25' title='bbox 1657 1092 1753 1135; x_wconf 87' lang='lat' dir='ltr'>me</span> 
     </span>
     <span class='ocr_line' id='line_1_5' title="bbox 493 1165 1639 1250; baseline -0.019 -7"><span class='ocrx_word' id='word_1_26' title='bbox 493 1181 724 1250; x_wconf 83' lang='lat' dir='ltr'>PauciS,</span> <span class='ocrx_word' id='word_1_27' title='bbox 769 1179 820 1236; x_wconf 89' lang='lat' dir='ltr'>si</span> <span class='ocrx_word' id='word_1_28' title='bbox 864 1175 971 1233; x_wconf 89' lang='lat' dir='ltr'>tibi</span> <span class='ocrx_word' id='word_1_29' title='bbox 1018 1173 1096 1231; x_wconf 91' lang='lat' dir='ltr'>dii</span> <span class='ocrx_word' id='word_1_30' title='bbox 1142 1173 1361 1239; x_wconf 81' lang='lat' dir='ltr'>favent,</span> <span class='ocrx_word' id='word_1_31' title='bbox 1411 1165 1639 1236; x_wconf 86' lang='lat' dir='ltr'>diebus,</span> 
     </span>
     <span class='ocr_line' id='line_1_6' title="bbox 493 1259 1917 1329; baseline -0.018 -1"><span class='ocrx_word' id='word_1_32' title='bbox 493 1270 554 1329; x_wconf 87' lang='lat' dir='ltr'>Si</span> <span class='ocrx_word' id='word_1_33' title='bbox 598 1275 796 1326; x_wconf 92' lang='lat' dir='ltr'>tecum</span> <span class='ocrx_word' id='word_1_34' title='bbox 843 1259 1108 1319; x_wconf 82' lang='lat' dir='ltr'><strong>attuleris</strong></span> <span class='ocrx_word' id='word_1_35' title='bbox 1153 1259 1373 1315; x_wconf 88' lang='lat' dir='ltr'>bonam</span> <span class='ocrx_word' id='word_1_36' title='bbox 1419 1259 1596 1323; x_wconf 84' lang='lat' dir='ltr'>atque</span> <span class='ocrx_word' id='word_1_37' title='bbox 1639 1263 1917 1323; x_wconf 86' lang='lat' dir='ltr'>magnam</span> 
     </span>
     <span class='ocr_line' id='line_1_7' title="bbox 497 1336 1617 1422; baseline -0.02 -8"><span class='ocrx_word' id='word_1_38' title='bbox 497 1355 736 1422; x_wconf 87' lang='lat' dir='ltr'>Cenam,</span> <span class='ocrx_word' id='word_1_39' title='bbox 784 1362 905 1408; x_wconf 89' lang='lat' dir='ltr'>non</span> <span class='ocrx_word' id='word_1_40' title='bbox 950 1346 1078 1404; x_wconf 87' lang='lat' dir='ltr'>sine</span> <span class='ocrx_word' id='word_1_41' title='bbox 1124 1341 1376 1403; x_wconf 89' lang='lat' dir='ltr'>candida</span> <span class='ocrx_word' id='word_1_42' title='bbox 1422 1336 1617 1412; x_wconf 88' lang='lat' dir='ltr'>puella</span> 
     </span>
     <span class='ocr_line' id='line_1_8' title="bbox 418 1419 1809 1500; baseline -0.019 1"><span class='ocrx_word' id='word_1_43' title='bbox 418 1450 468 1491; x_wconf 84' lang='lat'>1⁵</span> <span class='ocrx_word' id='word_1_44' title='bbox 497 1443 569 1500; x_wconf 89' lang='lat' dir='ltr'>Et</span> <span class='ocrx_word' id='word_1_45' title='bbox 612 1439 749 1497; x_wconf 92' lang='lat' dir='ltr'>vino</span> <span class='ocrx_word' id='word_1_46' title='bbox 797 1441 855 1492; x_wconf 87' lang='lat' dir='ltr'>et</span> <span class='ocrx_word' id='word_1_47' title='bbox 897 1431 1020 1490; x_wconf 88' lang='lat' dir='ltr'>sale</span> <span class='ocrx_word' id='word_1_48' title='bbox 1064 1437 1123 1488; x_wconf 87' lang='lat' dir='ltr'>et</span> <span class='ocrx_word' id='word_1_49' title='bbox 1167 1427 1441 1486; x_wconf 90' lang='lat' dir='ltr'>omnibus</span> <span class='ocrx_word' id='word_1_50' title='bbox 1488 1419 1809 1480; x_wconf 80' lang='lat' dir='ltr'>cachinnis.</span> 
     </span>
     <span class='ocr_line' id='line_1_9' title="bbox 496 1509 1970 1593; baseline -0.016 -9"><span class='ocrx_word' id='word_1_51' title='bbox 496 1528 653 1584; x_wconf 89' lang='lat' dir='ltr'>Haec</span> <span class='ocrx_word' id='word_1_52' title='bbox 695 1522 764 1593; x_wconf 96' lang='lat' dir='ltr'>si,</span> <span class='ocrx_word' id='word_1_53' title='bbox 810 1520 1072 1591; x_wconf 89' lang='lat' dir='ltr'>inquam,</span> <span class='ocrx_word' id='word_1_54' title='bbox 1122 1512 1408 1581; x_wconf 79' lang='lat' dir='ltr'>attuleriS,</span> <span class='ocrx_word' id='word_1_55' title='bbox 1456 1514 1705 1568; x_wconf 88' lang='lat' dir='ltr'>venuste</span> <span class='ocrx_word' id='word_1_56' title='bbox 1750 1509 1970 1571; x_wconf 87' lang='lat' dir='ltr'>noster,</span> 
     </span>
     <span class='ocr_line' id='line_1_10' title="bbox 496 1594 1544 1670; baseline -0.02 0"><span class='ocrx_word' id='word_1_57' title='bbox 496 1608 747 1670; x_wconf 85' lang='lat' dir='ltr'>Cenabis</span> <span class='ocrx_word' id='word_1_58' title='bbox 790 1608 971 1664; x_wconf 87' lang='lat' dir='ltr'>bene:</span> <span class='ocrx_word' id='word_1_59' title='bbox 1019 1617 1159 1660; x_wconf 89' lang='lat' dir='ltr'>nam</span> <span class='ocrx_word' id='word_1_60' title='bbox 1201 1598 1287 1656; x_wconf 90' lang='lat' dir='ltr'>tui</span> <span class='ocrx_word' id='word_1_61' title='bbox 1334 1594 1544 1654; x_wconf 90' lang='lat' dir='ltr'>Catulli</span> 
     </span>
     <span class='ocr_line' id='line_1_11' title="bbox 498 1688 1584 1755; baseline -0.018 1"><span class='ocrx_word' id='word_1_62' title='bbox 498 1697 715 1755; x_wconf 90' lang='lat' dir='ltr'>Plenus</span> <span class='ocrx_word' id='word_1_63' title='bbox 760 1688 1035 1750; x_wconf 90' lang='lat' dir='ltr'>sacculus</span> <span class='ocrx_word' id='word_1_64' title='bbox 1082 1693 1171 1745; x_wconf 92' lang='lat' dir='ltr'>est</span> <span class='ocrx_word' id='word_1_65' title='bbox 1214 1694 1584 1742; x_wconf 86' lang='lat' dir='ltr'>aranearum.</span> 
     </span>
     <span class='ocr_line' id='line_1_12' title="bbox 499 1773 1686 1847; baseline -0.019 -6"><span class='ocrx_word' id='word_1_66' title='bbox 499 1783 616 1841; x_wconf 88' lang='lat' dir='ltr'>Sed</span> <span class='ocrx_word' id='word_1_67' title='bbox 663 1785 869 1838; x_wconf 85' lang='lat' dir='ltr'>contra</span> <span class='ocrx_word' id='word_1_68' title='bbox 914 1773 1166 1847; x_wconf 83' lang='lat' dir='ltr'>accipies</span> <span class='ocrx_word' id='word_1_69' title='bbox 1212 1783 1408 1827; x_wconf 88' lang='lat' dir='ltr'>meros</span> <span class='ocrx_word' id='word_1_70' title='bbox 1453 1779 1686 1824; x_wconf 81' lang='lat' dir='ltr'>amores</span> 
     </span>
     <span class='ocr_line' id='line_1_13' title="bbox 418 1853 1700 1938; baseline -0.019 -10"><span class='ocrx_word' id='word_1_71' title='bbox 418 1880 472 1919; x_wconf 84' lang='lat'>20</span> <span class='ocrx_word' id='word_1_72' title='bbox 498 1869 617 1928; x_wconf 90' lang='lat' dir='ltr'>Seu</span> <span class='ocrx_word' id='word_1_73' title='bbox 661 1864 803 1938; x_wconf 88' lang='lat' dir='ltr'>quid</span> <span class='ocrx_word' id='word_1_74' title='bbox 848 1859 1090 1919; x_wconf 87' lang='lat' dir='ltr'>suavius</span> <span class='ocrx_word' id='word_1_75' title='bbox 1137 1853 1540 1929; x_wconf 85' lang='lat' dir='ltr'>elegantiusve</span> <span class='ocrx_word' id='word_1_76' title='bbox 1585 1855 1700 1906; x_wconf 85' lang='lat' dir='ltr'>est:</span> 
     </span>
     <span class='ocr_line' id='line_1_14' title="bbox 500 1931 1961 2022; baseline -0.017 -11"><span class='ocrx_word' id='word_1_77' title='bbox 500 1954 646 2012; x_wconf 89' lang='lat' dir='ltr'>Nam</span> <span class='ocrx_word' id='word_1_78' title='bbox 691 1953 1061 2022; x_wconf 87' lang='lat' dir='ltr'>unguentum</span> <span class='ocrx_word' id='word_1_79' title='bbox 1110 1943 1264 2001; x_wconf 90' lang='lat' dir='ltr'>dabo</span> <span class='ocrx_word' id='word_1_80' title='bbox 1312 1940 1471 2012; x_wconf 89' lang='lat' dir='ltr'>quod</span> <span class='ocrx_word' id='word_1_81' title='bbox 1516 1949 1685 1993; x_wconf 85' lang='lat' dir='ltr'>meae</span> <span class='ocrx_word' id='word_1_82' title='bbox 1728 1931 1961 2005; x_wconf 88' lang='lat' dir='ltr'>puellae</span> 
     </span>
     <span class='ocr_line' id='line_1_15' title="bbox 393 2025 1610 2102; baseline -0.019 -1"><span class='ocrx_word' id='word_1_83' title='bbox 393 2084 401 2102; x_wconf 81' lang='lat'><strong>.</strong></span> <span class='ocrx_word' id='word_1_84' title='bbox 501 2040 807 2098; x_wconf 89' lang='lat' dir='ltr'>Donarunt</span> <span class='ocrx_word' id='word_1_85' title='bbox 849 2034 1109 2090; x_wconf 77' lang='lat' dir='ltr'>Veneres</span> <span class='ocrx_word' id='word_1_86' title='bbox 1135 2025 1610 2100; x_wconf 81' lang='lat' dir='ltr'>Cupidinesque,</span> 
     </span>
     <span class='ocr_line' id='line_1_16' title="bbox 501 2103 1768 2194; baseline -0.019 -10"><span class='ocrx_word' id='word_1_87' title='bbox 501 2123 673 2194; x_wconf 87' lang='lat' dir='ltr'>Quod</span> <span class='ocrx_word' id='word_1_88' title='bbox 719 2129 785 2179; x_wconf 90' lang='lat' dir='ltr'>tu</span> <span class='ocrx_word' id='word_1_89' title='bbox 833 2134 969 2177; x_wconf 91' lang='lat' dir='ltr'>cum</span> <span class='ocrx_word' id='word_1_90' title='bbox 1015 2113 1275 2183; x_wconf 83' lang='lat' dir='ltr'>olfacies,</span> <span class='ocrx_word' id='word_1_91' title='bbox 1305 2111 1466 2168; x_wconf 89' lang='lat' dir='ltr'>-deos</span> <span class='ocrx_word' id='word_1_92' title='bbox 1511 2103 1768 2179; x_wconf 76' lang='lat' dir='ltr'>rogabiS,</span> 
     </span>
     <span class='ocr_line' id='line_1_17' title="bbox 502 2194 1788 2270; baseline -0.019 -1"><span class='ocrx_word' id='word_1_93' title='bbox 502 2211 714 2268; x_wconf 89' lang='lat' dir='ltr'>Totum</span> <span class='ocrx_word' id='word_1_94' title='bbox 758 2212 825 2265; x_wconf 90' lang='lat' dir='ltr'>ut</span> <span class='ocrx_word' id='word_1_95' title='bbox 865 2212 925 2262; x_wconf 87' lang='lat' dir='ltr'>te</span> <span class='ocrx_word' id='word_1_96' title='bbox 967 2201 1204 2270; x_wconf 85' lang='lat' dir='ltr'>faciant,</span> <span class='ocrx_word' id='word_1_97' title='bbox 1252 2194 1513 2265; x_wconf 87' lang='lat' dir='ltr'>Fabulle,</span> <span class='ocrx_word' id='word_1_98' title='bbox 1560 2204 1788 2250; x_wconf 89' lang='lat' dir='ltr'>nasum.</span> 
     </span>
    </p>
   </div>
   <div class='ocr_carea' id='block_1_4' title="bbox 422 2375 2136 3761">
    <p class='ocr_par' dir='ltr' id='par_1_4' title="bbox 428 2375 1883 2828">
     <span class='ocr_line' id='line_1_18' title="bbox 428 2375 1648 2486; baseline -0.012 -14"><span class='ocrx_word' id='word_1_99' title='bbox 428 2428 479 2468; x_wconf 81' lang='lat'>25</span> <span class='ocrx_word' id='word_1_100' title='bbox 504 2375 623 2475; x_wconf 86' lang='lat' dir='ltr'>Nei</span> <span class='ocrx_word' id='word_1_101' title='bbox 668 2422 727 2473; x_wconf 92' lang='lat' dir='ltr'>te</span> <span class='ocrx_word' id='word_1_102' title='bbox 771 2413 904 2486; x_wconf 87' lang='lat' dir='ltr'>plus</span> <span class='ocrx_word' id='word_1_103' title='bbox 947 2407 1135 2468; x_wconf 92' lang='lat' dir='ltr'>oculis</span> <span class='ocrx_word' id='word_1_104' title='bbox 1179 2403 1326 2463; x_wconf 90' lang='lat' dir='ltr'>meis</span> <span class='ocrx_word' id='word_1_105' title='bbox 1372 2417 1648 2471; x_wconf 85' lang='lat' dir='ltr'>amarem,</span> 
     </span>
     <span class='ocr_line' id='line_1_19' title="bbox 502 2487 1621 2563; baseline -0.013 -5"><span class='ocrx_word' id='word_1_106' title='bbox 502 2499 930 2560; x_wconf 91' lang='lat' dir='ltr'>Iocundissime</span> <span class='ocrx_word' id='word_1_107' title='bbox 977 2493 1173 2563; x_wconf 88' lang='lat' dir='ltr'>Calve,</span> <span class='ocrx_word' id='word_1_108' title='bbox 1220 2504 1467 2548; x_wconf 83' lang='lat' dir='ltr'>munere</span> <span class='ocrx_word' id='word_1_109' title='bbox 1510 2487 1621 2544; x_wconf 92' lang='lat' dir='ltr'>isto</span> 
     </span>
     <span class='ocr_line' id='line_1_20' title="bbox 507 2575 1446 2646; baseline -0.016 0"><span class='ocrx_word' id='word_1_110' title='bbox 507 2587 776 2646; x_wconf 90' lang='lat' dir='ltr'>Odissem</span> <span class='ocrx_word' id='word_1_111' title='bbox 822 2590 880 2641; x_wconf 89' lang='lat' dir='ltr'>te</span> <span class='ocrx_word' id='word_1_112' title='bbox 926 2580 1062 2640; x_wconf 91' lang='lat' dir='ltr'>odio</span> <span class='ocrx_word' id='word_1_113' title='bbox 1106 2575 1446 2636; x_wconf 87' lang='lat' dir='ltr'>Vatiniano:</span> 
     </span>
     <span class='ocr_line' id='line_1_21' title="bbox 504 2656 1883 2745; baseline -0.012 -15"><span class='ocrx_word' id='word_1_114' title='bbox 504 2672 649 2732; x_wconf 88' lang='lat' dir='ltr'>Nam</span> <span class='ocrx_word' id='word_1_115' title='bbox 695 2667 990 2745; x_wconf 82' lang='lat' dir='ltr'>quidseci</span> <span class='ocrx_word' id='word_1_116' title='bbox 1037 2680 1147 2739; x_wconf 84' lang='lat' dir='ltr'>ego</span> <span class='ocrx_word' id='word_1_117' title='bbox 1195 2661 1411 2735; x_wconf 89' lang='lat' dir='ltr'>quidve</span> <span class='ocrx_word' id='word_1_118' title='bbox 1454 2673 1586 2717; x_wconf 89' lang='lat' dir='ltr'>sum</span> <span class='ocrx_word' id='word_1_119' title='bbox 1631 2656 1883 2726; x_wconf 78' lang='lat' dir='ltr'>locutus,</span> 
     </span>
     <span class='ocr_line' id='line_1_22' title="bbox 507 2743 1701 2828; baseline -0.015 -10"><span class='ocrx_word' id='word_1_120' title='bbox 507 2757 626 2817; x_wconf 83' lang='lat' dir='ltr'>Cur</span> <span class='ocrx_word' id='word_1_121' title='bbox 669 2773 765 2815; x_wconf 93' lang='lat' dir='ltr'>me</span> <span class='ocrx_word' id='word_1_122' title='bbox 807 2761 896 2828; x_wconf 86' lang='lat' dir='ltr'>tot</span> <span class='ocrx_word' id='word_1_123' title='bbox 939 2751 1092 2809; x_wconf 88' lang='lat' dir='ltr'>male</span> <span class='ocrx_word' id='word_1_124' title='bbox 1134 2748 1421 2824; x_wconf 64' lang='lat' dir='ltr'>perderes⁴</span> <span class='ocrx_word' id='word_1_125' title='bbox 1460 2743 1701 2818; x_wconf 81' lang='lat' dir='ltr'>poetis?</span> 
     </span>
    </p>

    <p class='ocr_par' dir='ltr' id='par_1_5' title="bbox 422 2829 1603 2904">
     <span class='ocr_line' id='line_1_23' title="bbox 422 2829 1603 2904; baseline -0.014 -2"><span class='ocrx_word' id='word_1_126' title='bbox 422 2857 477 2896; x_wconf 83' lang='lat'>³0</span> <span class='ocrx_word' id='word_1_127' title='bbox 502 2845 603 2904; x_wconf 90' lang='lat' dir='ltr'>Isti</span> <span class='ocrx_word' id='word_1_128' title='bbox 647 2842 726 2901; x_wconf 88' lang='lat' dir='ltr'>dii</span> <span class='ocrx_word' id='word_1_129' title='bbox 773 2841 927 2898; x_wconf 87' lang='lat' dir='ltr'>mala</span> <span class='ocrx_word' id='word_1_130' title='bbox 970 2836 1155 2894; x_wconf 88' lang='lat' dir='ltr'>multa</span> <span class='ocrx_word' id='word_1_131' title='bbox 1201 2834 1342 2892; x_wconf 88' lang='lat' dir='ltr'>dent</span> <span class='ocrx_word' id='word_1_132' title='bbox 1386 2829 1603 2900; x_wconf 88' lang='lat' dir='ltr'>clienti,</span> 
     </span>
    </p>

    <p class='ocr_par' dir='ltr' id='par_1_6' title="bbox 422 2918 2136 3249">
     <span class='ocr_line' id='line_1_24' title="bbox 422 2918 1618 3000; baseline -0.012 -15"><span class='ocrx_word' id='word_1_133' title='bbox 422 2926 463 2985; x_wconf 82' lang='lat'>9</span> <span class='ocrx_word' id='word_1_134' title='bbox 509 2929 623 3000; x_wconf 81' lang='lat' dir='ltr'>Qui</span> <span class='ocrx_word' id='word_1_135' title='bbox 666 2933 895 2986; x_wconf 89' lang='lat' dir='ltr'>tantum</span> <span class='ocrx_word' id='word_1_136' title='bbox 939 2922 1044 2981; x_wconf 88' lang='lat' dir='ltr'>tibi</span> <span class='ocrx_word' id='word_1_137' title='bbox 1087 2919 1244 2978; x_wconf 87' lang='lat' dir='ltr'>misit</span> <span class='ocrx_word' id='word_1_138' title='bbox 1286 2918 1618 2992; x_wconf 86' lang='lat' dir='ltr'>impiorum.</span> 
     </span>
     <span class='ocr_line' id='line_1_25' title="bbox 510 3003 2136 3092; baseline -0.014 -18"><span class='ocrx_word' id='word_1_139' title='bbox 510 3014 684 3084; x_wconf 85' lang='lat' dir='ltr'>Quod</span> <span class='ocrx_word' id='word_1_140' title='bbox 728 3012 911 3092; x_wconf 33' lang='lat' dir='ltr'>siunt</span> <span class='ocrx_word' id='word_1_141' title='bbox 953 3006 1243 3079; x_wconf 86' lang='lat' dir='ltr'>suspicor,</span> <span class='ocrx_word' id='word_1_142' title='bbox 1290 3006 1405 3062; x_wconf 88' lang='lat' dir='ltr'>hoc</span> <span class='ocrx_word' id='word_1_143' title='bbox 1451 3016 1672 3060; x_wconf 92' lang='lat' dir='ltr'>novum</span> <span class='ocrx_word' id='word_1_144' title='bbox 1721 3016 1789 3057; x_wconf 90' lang='lat' dir='ltr'>ac</span> <span class='ocrx_word' id='word_1_145' title='bbox 1835 3003 2136 3071; x_wconf 88' lang='lat' dir='ltr'>repertum</span> 
     </span>
     <span class='ocr_line' id='line_1_26' title="bbox 507 3090 1578 3159; baseline -0.015 0"><span class='ocrx_word' id='word_1_146' title='bbox 507 3101 720 3159; x_wconf 91' lang='lat' dir='ltr'>Munus</span> <span class='ocrx_word' id='word_1_147' title='bbox 766 3098 868 3155; x_wconf 88' lang='lat' dir='ltr'>dat</span> <span class='ocrx_word' id='word_1_148' title='bbox 908 3093 1015 3153; x_wconf 91' lang='lat' dir='ltr'>tibi</span> <span class='ocrx_word' id='word_1_149' title='bbox 1060 3091 1224 3150; x_wconf 90' lang='lat' dir='ltr'>Sulla</span> <span class='ocrx_word' id='word_1_150' title='bbox 1270 3090 1578 3155; x_wconf 81' lang='lat' dir='ltr'>litterator,</span> 
     </span>
     <span class='ocr_line' id='line_1_27' title="bbox 508 3173 1813 3249; baseline -0.014 -5"><span class='ocrx_word' id='word_1_151' title='bbox 508 3187 636 3244; x_wconf 88' lang='lat' dir='ltr'>Non</span> <span class='ocrx_word' id='word_1_152' title='bbox 683 3189 772 3241; x_wconf 91' lang='lat' dir='ltr'>est</span> <span class='ocrx_word' id='word_1_153' title='bbox 814 3181 893 3240; x_wconf 92' lang='lat' dir='ltr'>mi</span> <span class='ocrx_word' id='word_1_154' title='bbox 937 3177 1109 3249; x_wconf 86' lang='lat' dir='ltr'>male,</span> <span class='ocrx_word' id='word_1_155' title='bbox 1160 3176 1266 3234; x_wconf 89' lang='lat' dir='ltr'>sed</span> <span class='ocrx_word' id='word_1_156' title='bbox 1311 3176 1465 3233; x_wconf 90' lang='lat' dir='ltr'>bene</span> <span class='ocrx_word' id='word_1_157' title='bbox 1509 3186 1577 3229; x_wconf 90' lang='lat' dir='ltr'>ac</span> <span class='ocrx_word' id='word_1_158' title='bbox 1623 3173 1813 3240; x_wconf 89' lang='lat' dir='ltr'>beate,</span> 
     </span>
    </p>

    <p class='ocr_par' dir='ltr' id='par_1_7' title="bbox 455 3258 1959 3678">
     <span class='ocr_line' id='line_1_28' title="bbox 455 3258 1665 3340; baseline -0.012 -10"><span class='ocrx_word' id='word_1_159' title='bbox 455 3284 480 3322; x_wconf 86' lang='lat'>⁵</span> <span class='ocrx_word' id='word_1_160' title='bbox 507 3270 680 3340; x_wconf 83' lang='lat' dir='ltr'>Quod</span> <span class='ocrx_word' id='word_1_161' title='bbox 726 3282 846 3325; x_wconf 92' lang='lat' dir='ltr'>non</span> <span class='ocrx_word' id='word_1_162' title='bbox 893 3266 1236 3337; x_wconf 84' lang='lat' dir='ltr'>dispereunt</span> <span class='ocrx_word' id='word_1_163' title='bbox 1279 3261 1364 3318; x_wconf 89' lang='lat' dir='ltr'>tui</span> <span class='ocrx_word' id='word_1_164' title='bbox 1408 3258 1665 3317; x_wconf 85' lang='lat' dir='ltr'>labores.</span> 
     </span>
     <span class='ocr_line' id='line_1_29' title="bbox 510 3341 1959 3427; baseline -0.013 -12"><span class='ocrx_word' id='word_1_165' title='bbox 510 3356 596 3415; x_wconf 90' lang='lat' dir='ltr'>Dii</span> <span class='ocrx_word' id='word_1_166' title='bbox 641 3352 859 3427; x_wconf 83' lang='lat' dir='ltr'>magni,</span> <span class='ocrx_word' id='word_1_167' title='bbox 907 3348 1250 3409; x_wconf 82' lang='lat' dir='ltr'>horribilem</span> <span class='ocrx_word' id='word_1_168' title='bbox 1297 3353 1355 3404; x_wconf 90' lang='lat' dir='ltr'>et</span> <span class='ocrx_word' id='word_1_169' title='bbox 1397 3359 1632 3403; x_wconf 86' lang='lat' dir='ltr'>sacrum</span> <span class='ocrx_word' id='word_1_170' title='bbox 1674 3341 1959 3401; x_wconf 90' lang='lat' dir='ltr'>libellum.</span> 
     </span>
     <span class='ocr_line' id='line_1_30' title="bbox 512 3429 1753 3510; baseline -0.011 -10"><span class='ocrx_word' id='word_1_171' title='bbox 512 3443 700 3510; x_wconf 83' lang='lat' dir='ltr'>Quem</span> <span class='ocrx_word' id='word_1_172' title='bbox 744 3445 809 3496; x_wconf 89' lang='lat' dir='ltr'>tu</span> <span class='ocrx_word' id='word_1_173' title='bbox 854 3435 1078 3494; x_wconf 90' lang='lat' dir='ltr'>scilicet</span> <span class='ocrx_word' id='word_1_174' title='bbox 1121 3434 1198 3490; x_wconf 92' lang='lat' dir='ltr'>ad</span> <span class='ocrx_word' id='word_1_175' title='bbox 1241 3439 1409 3490; x_wconf 90' lang='lat' dir='ltr'>tuum</span> <span class='ocrx_word' id='word_1_176' title='bbox 1456 3429 1753 3488; x_wconf 89' lang='lat' dir='ltr'>Catullum</span> 
     </span>
     <span class='ocr_line' id='line_1_31' title="bbox 509 3516 1541 3595; baseline -0.013 -11"><span class='ocrx_word' id='word_1_177' title='bbox 509 3525 682 3595; x_wconf 91' lang='lat' dir='ltr'>Misti,</span> <span class='ocrx_word' id='word_1_178' title='bbox 731 3523 1012 3581; x_wconf 89' lang='lat' dir='ltr'>continuo</span> <span class='ocrx_word' id='word_1_179' title='bbox 1059 3525 1125 3577; x_wconf 94' lang='lat' dir='ltr'>ut</span> <span class='ocrx_word' id='word_1_180' title='bbox 1169 3517 1263 3576; x_wconf 87' lang='lat' dir='ltr'>die</span> <span class='ocrx_word' id='word_1_181' title='bbox 1305 3516 1541 3590; x_wconf 87' lang='lat' dir='ltr'>periret,</span> 
     </span>
     <span class='ocr_line' id='line_1_32' title="bbox 512 3598 1515 3678; baseline -0.013 -8"><span class='ocrx_word' id='word_1_182' title='bbox 512 3608 941 3678; x_wconf 85' lang='lat' dir='ltr'>Saturnalibus,</span> <span class='ocrx_word' id='word_1_183' title='bbox 990 3605 1211 3678; x_wconf 89' lang='lat' dir='ltr'>optimo</span> <span class='ocrx_word' id='word_1_184' title='bbox 1258 3598 1515 3660; x_wconf 78' lang='lat' dir='ltr'>dierum!</span> 
     </span>
    </p>

    <p class='ocr_par' dir='ltr' id='par_1_8' title="bbox 433 3684 1739 3761">
     <span class='ocr_line' id='line_1_33' title="bbox 433 3684 1739 3761; baseline -0.012 -4"><span class='ocrx_word' id='word_1_185' title='bbox 433 3710 483 3748; x_wconf 87' lang='lat'>10</span> <span class='ocrx_word' id='word_1_186' title='bbox 508 3698 636 3756; x_wconf 91' lang='lat' dir='ltr'>Non</span> <span class='ocrx_word' id='word_1_187' title='bbox 680 3710 802 3754; x_wconf 89' lang='lat' dir='ltr'>non</span> <span class='ocrx_word' id='word_1_188' title='bbox 846 3694 964 3751; x_wconf 90' lang='lat' dir='ltr'>hoc</span> <span class='ocrx_word' id='word_1_189' title='bbox 1006 3690 1130 3761; x_wconf 92' lang='lat' dir='ltr'>tibi,</span> <span class='ocrx_word' id='word_1_190' title='bbox 1178 3688 1350 3758; x_wconf 88' lang='lat' dir='ltr'>salse,</span> <span class='ocrx_word' id='word_1_191' title='bbox 1396 3686 1481 3744; x_wconf 92' lang='lat' dir='ltr'>sic</span> <span class='ocrx_word' id='word_1_192' title='bbox 1526 3684 1739 3743; x_wconf 87' lang='lat' dir='ltr'>abibit:</span> 
     </span>
    </p>
   </div>
   <div class='ocr_carea' id='block_1_5' title="bbox 342 3830 2536 4113">
    <p class='ocr_par' dir='ltr' id='par_1_9' title="bbox 342 3830 2536 4113">
     <span class='ocr_line' id='line_1_34' title="bbox 482 3830 2371 3911; baseline -0.009 -10"><span class='ocrx_word' id='word_1_193' title='bbox 482 3850 533 3911; x_wconf 86' lang='grc'>8,</span> <span class='ocrx_word' id='word_1_194' title='bbox 571 3859 611 3899; x_wconf 85' lang='grc'>9.</span> <span class='ocrx_word' id='word_1_195' title='bbox 650 3858 712 3897; x_wconf 85' lang='grc'>10.</span> <span class='ocrx_word' id='word_1_196' title='bbox 750 3841 1058 3906; x_wconf 76' lang='lat' dir='ltr'>verraniuS,</span> <span class='ocrx_word' id='word_1_197' title='bbox 1098 3836 1467 3894; x_wconf 86' lang='lat' dir='ltr'>verraniolum</span> <span class='ocrx_word' id='word_1_198' title='bbox 1504 3837 1574 3900; x_wconf 91' lang='lat' dir='ltr'>D,</span> <span class='ocrx_word' id='word_1_199' title='bbox 1614 3834 1892 3898; x_wconf 83' lang='lat' dir='ltr'>veranius,</span> <span class='ocrx_word' id='word_1_200' title='bbox 1931 3830 2272 3892; x_wconf 70' lang='lat' dir='ltr'>Veraniolum</span> <span class='ocrx_word' id='word_1_201' title='bbox 2311 3830 2371 3884; x_wconf 89' lang='lat' dir='ltr'>L.</span> 
     </span>
     <span class='ocr_line' id='line_1_35' title="bbox 342 3902 2536 3976; baseline -0.009 -6"><span class='ocrx_word' id='word_1_202' title='bbox 342 3933 405 3972; x_wconf 94' lang='lat'><strong>10.</strong></span> <span class='ocrx_word' id='word_1_203' title='bbox 444 3919 520 3971; x_wconf 83' lang='lat' dir='ltr'>Et</span> <span class='ocrx_word' id='word_1_204' title='bbox 556 3917 677 3969; x_wconf 88' lang='lat' dir='ltr'>DL.</span> <span class='ocrx_word' id='word_1_205' title='bbox 829 3927 892 3965; x_wconf 81' lang='lat'><strong>12.</strong></span> <span class='ocrx_word' id='word_1_206' title='bbox 934 3914 1010 3967; x_wconf 86' lang='lat' dir='ltr'>sit</span> <span class='ocrx_word' id='word_1_207' title='bbox 1045 3913 1115 3963; x_wconf 91' lang='lat' dir='ltr'>D.</span> <span class='ocrx_word' id='word_1_208' title='bbox 1270 3922 1332 3962; x_wconf 89' lang='lat'><strong>16.</strong></span> <span class='ocrx_word' id='word_1_209' title='bbox 1371 3921 1608 3976; x_wconf 87' lang='lat' dir='ltr'>unquam</span> <span class='ocrx_word' id='word_1_210' title='bbox 1648 3906 1719 3958; x_wconf 83' lang='lat' dir='ltr'><strong>D.</strong></span> <span class='ocrx_word' id='word_1_211' title='bbox 1863 3917 1925 3955; x_wconf 87' lang='lat'><strong>18.</strong></span> <span class='ocrx_word' id='word_1_212' title='bbox 1965 3917 2255 3957; x_wconf 82' lang='lat' dir='ltr'>aranarum</span> <span class='ocrx_word' id='word_1_213' title='bbox 2290 3902 2360 3952; x_wconf 94' lang='lat' dir='ltr'><strong>D.</strong></span> <span class='ocrx_word' id='word_1_214' title='bbox 2525 3951 2536 3962; x_wconf 77' lang='grc'><strong>,</strong></span> 
     </span>
     <span class='ocr_line' id='line_1_36' title="bbox 342 3969 2461 4113; baseline -0.008 -73"><span class='ocrx_word' id='word_1_215' title='bbox 342 3985 983 4113; x_wconf 51' lang='grc' dir='ltr'><strong>19.301118ᾶοέὓέ1ν1)ῗ20.</strong></span> <span class='ocrx_word' id='word_1_216' title='bbox 1027 3979 1176 4051; x_wconf 86' lang='lat' dir='ltr'>quod</span> <span class='ocrx_word' id='word_1_217' title='bbox 1213 3982 1282 4032; x_wconf 92' lang='lat' dir='ltr'>D.</span> <span class='ocrx_word' id='word_1_218' title='bbox 1397 3991 1460 4030; x_wconf 77' lang='lat'><strong>25.</strong></span> <span class='ocrx_word' id='word_1_219' title='bbox 1498 3975 1587 4029; x_wconf 91' lang='lat' dir='ltr'>Ne</span> <span class='ocrx_word' id='word_1_220' title='bbox 1626 3975 1688 4039; x_wconf 91' lang='lat' dir='ltr'>L,</span> <span class='ocrx_word' id='word_1_221' title='bbox 1731 3974 1823 4027; x_wconf 87' lang='lat' dir='ltr'>Me</span> <span class='ocrx_word' id='word_1_222' title='bbox 1861 3976 1932 4027; x_wconf 92' lang='lat' dir='ltr'>D.</span> <span class='ocrx_word' id='word_1_223' title='bbox 2038 3987 2104 4025; x_wconf 78' lang='lat'><strong>29.</strong></span> <span class='ocrx_word' id='word_1_224' title='bbox 2143 3970 2303 4025; x_wconf 84' lang='lat' dir='ltr'>malis</span> <span class='ocrx_word' id='word_1_225' title='bbox 2342 3969 2461 4022; x_wconf 88' lang='lat' dir='ltr'><strong>DL.</strong></span> 
     </span>
    </p>
   </div>
   <div class='ocr_carea' id='block_1_6' title="bbox 343 4125 2465 4351">
    <p class='ocr_par' dir='ltr' id='par_1_10' title="bbox 343 4125 2465 4351">
     <span class='ocr_line' id='line_1_37' title="bbox 484 4125 2465 4209; baseline -0.012 -8"><span class='ocrx_word' id='word_1_226' title='bbox 484 4148 535 4209; x_wconf 89' lang='lat'>9,</span> <span class='ocrx_word' id='word_1_227' title='bbox 573 4157 613 4196; x_wconf 84' lang='lat'><strong>2.</strong></span> <span class='ocrx_word' id='word_1_228' title='bbox 650 4157 717 4197; x_wconf 84' lang='lat' dir='ltr'>ac</span> <span class='ocrx_word' id='word_1_229' title='bbox 744 4141 818 4193; x_wconf 84' lang='lat' dir='ltr'><strong>L.-</strong></span> <span class='ocrx_word' id='word_1_230' title='bbox 856 4141 963 4195; x_wconf 83' lang='lat' dir='ltr'>hoc</span> <span class='ocrx_word' id='word_1_231' title='bbox 1001 4141 1070 4194; x_wconf 93' lang='lat' dir='ltr'>D.</span> <span class='ocrx_word' id='word_1_232' title='bbox 1180 4150 1220 4202; x_wconf 88' lang='grc'>3,</span> <span class='ocrx_word' id='word_1_233' title='bbox 1259 4134 1402 4189; x_wconf 83' lang='lat' dir='ltr'>sulla</span> <span class='ocrx_word' id='word_1_234' title='bbox 1429 4154 1500 4201; x_wconf 81' lang='lat' dir='ltr'>pr</span> <span class='ocrx_word' id='word_1_235' title='bbox 1537 4132 1613 4185; x_wconf 85' lang='lat' dir='ltr'>L:</span> <span class='ocrx_word' id='word_1_236' title='bbox 1653 4133 1701 4186; x_wconf 87' lang='lat' dir='ltr'>si</span> <span class='ocrx_word' id='word_1_237' title='bbox 1739 4131 1836 4198; x_wconf 80' lang='lat' dir='ltr'>illa</span> <span class='ocrx_word' id='word_1_238' title='bbox 1872 4132 1926 4182; x_wconf 92' lang='lat' dir='ltr'><strong>D</strong></span> <span class='ocrx_word' id='word_1_239' title='bbox 1964 4139 2013 4182; x_wconf 80' lang='lat' dir='ltr'>et</span> <span class='ocrx_word' id='word_1_240' title='bbox 2050 4147 2170 4181; x_wconf 78' lang='lat' dir='ltr'>corr</span> <span class='ocrx_word' id='word_1_241' title='bbox 2206 4127 2268 4192; x_wconf 90' lang='lat' dir='ltr'>L,</span> <span class='ocrx_word' id='word_1_242' title='bbox 2308 4125 2465 4193; x_wconf 81' lang='lat' dir='ltr'>Sylla</span> 
     </span>
     <span class='ocr_line' id='line_1_38' title="bbox 343 4197 2462 4279; baseline -0.008 -12"><span class='ocrx_word' id='word_1_243' title='bbox 343 4216 660 4269; x_wconf 72' lang='lat' dir='ltr'>Marcianus</span> <span class='ocrx_word' id='word_1_244' title='bbox 704 4213 836 4279; x_wconf 83' lang='lat' dir='ltr'><strong>C&#39;ap.</strong></span> <span class='ocrx_word' id='word_1_245' title='bbox 865 4222 913 4274; x_wconf 87' lang='lat'>3,</span> <span class='ocrx_word' id='word_1_246' title='bbox 950 4230 1000 4279; x_wconf 77' lang='grc' dir='ltr'>ρ.</span> <span class='ocrx_word' id='word_1_247' title='bbox 1031 4218 1114 4261; x_wconf 88' lang='lat'>51.</span> <span class='ocrx_word' id='word_1_248' title='bbox 1225 4218 1264 4259; x_wconf 82' lang='lat'><strong>4.</strong></span> <span class='ocrx_word' id='word_1_249' title='bbox 1300 4205 1430 4257; x_wconf 90' lang='lat' dir='ltr'>mihi</span> <span class='ocrx_word' id='word_1_250' title='bbox 1468 4202 1588 4256; x_wconf 88' lang='lat' dir='ltr'><strong>DL.</strong></span> <span class='ocrx_word' id='word_1_251' title='bbox 1707 4215 1747 4254; x_wconf 84' lang='lat'><strong>8.</strong></span> <span class='ocrx_word' id='word_1_252' title='bbox 1786 4199 1997 4254; x_wconf 85' lang='lat' dir='ltr'>Misisti</span> <span class='ocrx_word' id='word_1_253' title='bbox 2034 4198 2156 4249; x_wconf 92' lang='lat' dir='ltr'><strong>DL.</strong></span> <span class='ocrx_word' id='word_1_254' title='bbox 2262 4210 2303 4249; x_wconf 81' lang='lat'><strong>9.</strong></span> <span class='ocrx_word' id='word_1_255' title='bbox 2345 4197 2462 4250; x_wconf 80' lang='lat' dir='ltr'>Ma-</span> 
     </span>
     <span class='ocr_line' id='line_1_39' title="bbox 344 4267 2150 4351; baseline -0.011 -10"><span class='ocrx_word' id='word_1_256' title='bbox 344 4288 553 4341; x_wconf 81' lang='lat' dir='ltr'>crobius</span> <span class='ocrx_word' id='word_1_257' title='bbox 589 4284 704 4341; x_wconf 77' lang='lat' dir='ltr'>Sat.</span> <span class='ocrx_word' id='word_1_258' title='bbox 743 4292 791 4351; x_wconf 76' lang='lat'>2,</span> <span class='ocrx_word' id='word_1_259' title='bbox 835 4292 880 4339; x_wconf 89' lang='lat'><strong>1.</strong></span> <span class='ocrx_word' id='word_1_260' title='bbox 1021 4291 1085 4331; x_wconf 88' lang='lat' dir='ltr'>lo.</span> <span class='ocrx_word' id='word_1_261' title='bbox 1122 4277 1252 4332; x_wconf 87' lang='lat' dir='ltr'>Non</span> <span class='ocrx_word' id='word_1_262' title='bbox 1289 4274 1454 4330; x_wconf 87' lang='lat' dir='ltr'>modo</span> <span class='ocrx_word' id='word_1_263' title='bbox 1491 4274 1598 4328; x_wconf 89' lang='lat' dir='ltr'>hoc</span> <span class='ocrx_word' id='word_1_264' title='bbox 1633 4274 1705 4328; x_wconf 93' lang='lat' dir='ltr'><strong>D.</strong></span> <span class='ocrx_word' id='word_1_265' title='bbox 1848 4269 1989 4325; x_wconf 81' lang='lat' dir='ltr'>false</span> <span class='ocrx_word' id='word_1_266' title='bbox 2029 4267 2150 4321; x_wconf 87' lang='lat' dir='ltr'><strong>DL.</strong></span> 
     </span>
    </p>
   </div>
  </div>
 </body>
</html>
