3364 5328
943 616 1023 676 64
1537 612 1953 668 CATULLUS
1992 615 2076 677 67,
2119 623 2182 666 25
2208 615 2377 680 -68,
2421 624 2467 667 5.

1114 788 1250 845 Sive
1294 790 1455 861 quod
1499 789 1677 862 impia
1725 806 1889 848 mens
1938 805 2114 850 caeco
2161 790 2449 865 flagrabat
2492 805 2709 860 amore,

1200 874 1317 931 Seu
1364 875 1521 947 quod
1571 876 1732 933 iners
1777 876 1957 933 sterili
2004 877 2227 934 semine
2273 884 2447 935 natus
2493 884 2634 946 erat,

1114 960 1182 1017 Et
1228 961 1602 1031 quaerendus
1647 962 1715 1030 is,
1765 962 1922 1019 unde
1968 963 2120 1020 soret
2164 964 2471 1021 nervosius
2516 963 2677 1033 illud,

1198 1045 1367 1113 Quod
1417 1053 1617 1120 posset
1658 1061 1866 1104 zonam
1913 1048 2146 1106 solvere
2193 1036 2551 1122 uirgineam.³

1033 1140 1084 1178 2⁵
1113 1131 1424 1227 Egregium
1472 1146 1676 1189 nairas
1723 1133 1868 1190 mira
1915 1133 2130 1205 pietate
2175 1142 2497 1230 par,entcm

1198 1215 1307 1283 Qui
1353 1217 1477 1289 ipse
1520 1217 1611 1274 sui
1658 1218 1818 1291 gnati
1864 1218 2138 1276 minxerit
2180 1220 2238 1277 in
2286 1221 2594 1294 gremium

1102 1288 1308 1373 ‘Atqui
1352 1316 1473 1359 non
1519 1304 1710 1360 solum
1759 1305 1871 1360 hoc
1916 1319 1980 1360 sc
2027 1304 2166 1362 dicit
2210 1306 2509 1379 cognitum
2557 1304 2773 1362 habere

1198 1387 1390 1444 Brixia
1437 1387 1657 1445 Chinea
1702 1390 2070 1463 suppositum
2117 1391 2377 1463 specula,

1112 1471 1324 1529 Flavus
1370 1488 1545 1545 quam
1594 1474 1755 1531 molli
1800 1475 2090 1547 per-cuirit
2131 1475 2374 1533 flumine
2420 1477 2608 1545 Mella,

1030 1566 1082 1604 ³⁰
1194 1558 1385 1615 Brixia
1432 1559 1701 1616 Veronae
1746 1567 1933 1617 mater
1977 1568 2168 1619 amata
2217 1577 2399 1633 meac,

987 1637 1059 1696 61
1114 1644 1229 1701 Sed
1278 1643 1350 1700 de
1397 1644 1698 1702 Postumio
1745 1653 1802 1702 et
1847 1644 2080 1703 Corneli
2127 1655 2328 1705 narrat
2374 1662 2592 1718 amore,

1198 1727 1342 1785 Cum
1391 1730 1607 1802 quibus
1653 1731 1754 1788 illa
1800 1732 2017 1788 malum
2066 1732 2201 1789 fecit
2246 1733 2622 1792 adulterium.

1115 1813 1332 1871 Dixerit
1376 1816 1470 1872 hic
1517 1816 1728 1887 aliquis
1762 1803 1891 1888 ‘qui
1938 1823 2000 1874 tu
2046 1817 2285 1889 isthaec,
2333 1819 2527 1890 ianua,
2576 1819 2749 1889 nosti,

1198 1899 1301 1957 Cui
1350 1916 1654 1973 nunquam
1703 1902 1922 1959 domini
1971 1902 2170 1961 limine
2200 1902 2425 1962 'abesse
2468 1905 2621 1975 licet,

1057 1993 1080 2031 ⁵
1109 1984 1224 2043 Nec
1268 1987 1553 2058 populum
1599 1989 1953 2058 auscultare,
2001 1990 2104 2046 sed
2153 1990 2247 2047 hic
2291 1990 2500 2048 suffixa
2547 1991 2731 2063 tigillo

1196 2071 1446 2128 Tantum
1492 2074 1724 2146 operire
1770 2076 1925 2132 soles
1973 2082 2074 2132 aut
2119 2077 2347 2148 aperire
2394 2065 2698 2133 ‹lomnm‘l’

1111 2157 1299 2229 Saepe
1343 2157 1503 2215 illam
1549 2160 1748 2216 audivi
1793 2160 2006 2218 furtiva
2053 2175 2199 2217 voce
2243 2161 2581 2234 loquentem

1195 2242 1393 2301 Solam
1440 2258 1573 2300 cum
1621 2246 1845 2302 ancillis
1892 2245 2038 2302 haec
2082 2260 2187 2302 sua
2235 2244 2471 2319 flagitia,

1113 2326 1355 2385 Nomine
1402 2329 1692 2386 dicentem
1739 2345 1889 2401 quos
1936 2330 2207 2400 diximus,
2257 2338 2322 2388 ut
2366 2339 2503 2403 pote
2550 2346 2701 2403 quae
2747 2331 2824 2388 mi

1033 2420 1085 2458 ¹⁰
1198 2413 1406 2487 Speret
1450 2429 1559 2470 nec
1607 2414 1870 2488 linguam
1918 2430 2046 2473 esse
2094 2431 2204 2473 nee
2248 2417 2590 2474 auriculam.

1115 2499 1423 2556 Praeterea
1470 2499 1726 2556 addebat
1772 2501 2086 2572 quendam,
2138 2516 2312 2573 quem
2360 2503 2555 2560 dicere
2603 2502 2739 2560 nolo

1196 2584 1459 2652 Nomine,
1507 2598 1582 2640 ne
1627 2585 1794 2641 tollat
1837 2586 2018 2642 rubra
2060 2587 2389 2658 supercilia.

1111 2669 1349 2743 Longus
1399 2671 1576 2726 homo
1624 2677 1730 2740 est,
1778 2686 2023 2744 magnas
2070 2673 2209 2743 quoi
2254 2672 2383 2729 lites
2428 2672 2622 2729 intulit
2667 2672 2804 2729 olim

1198 2755 1431 2812 Falsum
1480 2756 1751 2813 mendaci
1797 2762 2002 2814 ventre
2049 2746 2463 2830 puerperium.³

1031 2956 1078 2993 1⁵
1106 2909 1290 3010 Quod
1337 2942 1479 3000 mihi
1526 2945 1764 3003 fortuna
1809 2960 2068 3019 casuque
2112 2940 2446 3020 oppressus‘
2474 2945 2686 3003 acerbo

1195 3028 1604 3102 conscriptum
1651 3032 1763 3088 hoc
1808 3032 2062 3089 lacrimis
2107 3032 2287 3089 mittis
2334 3032 2686 3104 epistolium,

1113 3112 1466 3189 Naufragum
1515 3123 1580 3173 ut
1624 3116 1874 3174 eiectum
1918 3117 2331 3191 spumantibus
2377 3116 2651 3189 aequoris
2697 3117 2871 3175 undis

1194 3200 1509 3259 Sublevem
1557 3208 1613 3258 ct
1658 3218 1691 3259 a
1735 3204 1939 3259 mortis
1986 3203 2185 3260 limine
2230 3202 2554 3271 restituam,

1111 3285 1296 3353 Quem
1343 3302 1536 3359 neque
1580 3295 1782 3346 sancta
1827 3288 2025 3346 Venus
2073 3287 2230 3345 molli
2278 3289 2646 3360 requiescere
2691 3302 2901 3345 somno

1081 3470 1165 3532 60,
1203 3481 1266 3520 23.
1307 3469 1354 3521 is
1393 3471 1458 3521 de
1496 3472 1792 3522 coniectura
1824 3472 2007 3537 posui:
2043 3473 2105 3522 ut
2141 3471 2210 3534 D,
2252 3472 2308 3521 et
2351 3472 2643 3534 ParisinuS,
2682 3488 2763 3521 om
2798 3470 2860 3519 L.

937 3550 1000 3588 24.
1038 3538 1327 3607 virginiam
1355 3541 1423 3590 D.
1564 3553 1628 3591 25.
1665 3556 1877 3593 narrem
1905 3544 1973 3592 D.
2094 3553 2155 3591 26.
2196 3540 2311 3593 nati
2349 3541 2623 3593 minxerat
2645 3542 2715 3592 D.
2843 3551 2905 3589 27.
2943 3537 3049 3593 At-

940 3625 1046 3678 que
1085 3611 1154 3660 D.
1311 3625 1373 3662 se
1414 3609 1553 3662 dicit
1589 3611 1696 3663 hoc
1734 3610 1797 3661 L.
1958 3623 2020 3661 28.
2062 3610 2413 3664 Oenomanae
2454 3611 2748 3681 supposita
2787 3610 3050 3681 speculae

945 3681 1178 3732 Colocim
1225 3692 1270 3732 et
1314 3682 1460 3748 apud
1495 3681 1772 3733 Perree'um
1810 3684 2059 3735 Pisanus.
2113 3684 2214 3733 atii
2249 3681 2487 3748 Cycnea.
2644 3693 2707 3732 29.
2746 3681 3055 3751 praecurrit

948 3749 1239 3802 Cluverius.
1386 3750 1547 3803 mello
1586 3752 1705 3804 DL.

1081 3838 1166 3901 61,
1204 3850 1243 3889 3.
1279 3836 1423 3889 hiL
1374 3839 1437 3888 L.
1584 3838 1717 3907 quid
1757 3842 1825 3903 D,
1867 3839 2015 3909 quod
2057 3838 2120 3889 L.
2263 3851 2302 3889 4.
2341 3837 2544 3892 lumine
2584 3858 2763 3908 ntarqo
2801 3839 2866 3888 L.

938 3922 978 3960 5.
1015 3908 1155 3961 haec
1182 3909 1245 3972 L,
1284 3907 1390 3961 hoc
1416 3881 1835 3962 Laurentianus’.
1979 3922 2017 3960 τ.
2055 3907 2268 3962 audivit
2295 3910 2357 3959 L.
2446 3912 2451 3916 ’
2501 3923 2539 3959 8.
2579 3909 2701 3962 sola
2725 3909 2785 3960 L.
2931 3924 3053 3962 cum

940 3977 1159 4032 ancillis
1199 3949 1435 4031 Statius:
1473 3979 1731 4033 conciliis
1771 3982 1839 4041 D,
1879 3997 2000 4033 cum
2041 3978 2296 4033 conciliis
2334 3980 2397 4029 L.
2540 3993 2563 4029 9
2616 3992 2678 4031 12.
2717 3979 2956 4032 Homine
2985 3980 3054 4030 D.

996 4061 1047 4098 29.
1088 4047 1350 4102 dissimus
1379 4052 1446 4101 D.
1580 4063 1652 4101 10.
1694 4048 1960 4119 Speraret
1983 4049 2134 4102 Itali.
2277 4061 2338 4098 11.
2378 4051 2648 4103 Praetere
2684 4050 2752 4100 D.
2897 4062 2957 4099 12.
2998 4054 3056 4102 te

941 4119 1000 4172 L.
1159 4131 1219 4174 13.
1259 4125 1349 4172 est
1388 4140 1469 4172 om
1508 4122 1578 4171 D.
1734 4120 1825 4188 qui
1867 4122 1982 4171 DL.
2137 4132 2199 4169 14.
2243 4118 2516 4173 mendacii
2540 4120 2618 4173 L.
2760 4133 2822 4170 15.
2861 4135 3056 4172 casus-

943 4205 1048 4310 qule
1089 4191 1155 4241 D.
1302 4203 1359 4240 16.
1400 4191 1571 4245 mittit
1610 4193 1673 4242 L.
1819 4202 1879 4240 17.
1916 4189 2278 4258 Naufragium
2317 4195 2376 4242 ut
2413 4192 2475 4241 L.
2621 4203 2682 4242 19.
2722 4205 2882 4243 sacra
2913 4206 2982 4256 pr
3008 4191 3055 4241 L

941 4277 996 4312 80
1021 4278 1096 4316 ue.
