3364 5328
986 590 1396 646 GATULLUS
1435 592 1521 655 65,
1560 591 1764 653 ἰ’-66,
1794 597 1840 642 6.
2389 584 2476 650 59·

526 761 698 826 Troia
742 770 1004 827 Rhoeteo
1050 782 1226 841 quem
1271 767 1477 826 subter
1521 767 1692 825 litore
1736 765 1910 823 tellus

446 864 499 902 ³0
612 855 890 927 Ereptum
937 854 1153 912 nostris
1198 853 1415 912 obterit
1456 868 1528 911 ex
1573 852 1778 909 oculis.

400 936 481 996 56
533 936 618 996 Tu
661 955 800 997 mea
844 946 908 998 tn
953 938 1221 999 moriens
1263 936 1508 1015 freqisti
1553 934 1898 1007 commoda,
1942 934 2168 1010 frater,

619 1022 835 1083 Tecum
879 1041 1006 1084 una
1049 1030 1180 1083 tota
1224 1029 1315 1082 est
1357 1030 1577 1082 nostra
1620 1020 1867 1098 sepulta
1911 1019 2150 1091 domus,

526 1107 748 1168 Omnia
792 1116 987 1170 tecum
1029 1127 1158 1168 una
1197 1107 1516 1186 perierunt
1556 1106 1795 1185 qaudia
1838 1112 2076 1178 nostra,

612 1192 788 1267 Quae
832 1202 973 1254 tuus
1017 1195 1083 1254 in
1126 1194 1257 1254 vita
1302 1193 1505 1254 dulcis
1551 1191 1757 1253 alebat
1802 1208 1997 1251 amor.

472 1292 497 1329 ⁵
524 1277 640 1340 Hei
682 1280 907 1341 misero
951 1280 1146 1356 fratri
1188 1279 1523 1340 iucundum
1568 1278 1771 1338 lumen
1815 1275 2184 1354 ademptum,

612 1365 942 1446 Nunquam
987 1385 1096 1444 eqo
1143 1373 1216 1445 te,
1266 1366 1492 1426 misero
1535 1365 1741 1443 frater
1788 1364 2070 1440 adempte
2115 1358 2282 1432 milti,

528 1454 830 1527 Alloquar,
879 1455 1122 1512 audiero
1170 1469 1472 1527 nunquam
1518 1460 1621 1510 tua
1880 1452 2239 1523 loquentem,

613 1540 925 1612 Nunquam
973 1555 1081 1614 ego
1128 1547 1204 1609 te,
1252 1540 1372 1597 vita
1417 1539 1595 1596 frater
1640 1537 1965 1603 amabilior,

528 1625 818 1698 Aspiciam
862 1617 1127 1698 posthac.
1190 1634 1251 1683 at
1296 1632 1451 1682 certe
1494 1638 1728 1696 semper
1771 1622 2004 1689 amabo,

448 1720 497 1758 10
611 1711 854 1784 Semper
897 1719 1121 1769 maesta
1163 1718 1266 1769 tua
1311 1709 1571 1767 carmina
1616 1714 1805 1765 morte
1848 1722 2074 1773 canam,

528 1796 736 1864 Qualia
781 1797 895 1871 sub
943 1798 1140 1854 densis
1186 1811 1485 1853 ramorum
1533 1793 1786 1851 concinit
1832 1792 2056 1849 umbris

612 1882 846 1939 Daulias
891 1883 1185 1955 absumpti
1232 1882 1348 1939 fata
1397 1895 1638 1953 gemens
1685 1876 1894 1952 Itylei),

527 1968 641 2024 Sed
690 1975 883 2025 tamen
929 1967 985 2024 in
1034 1967 1211 2025 tantis
1256 1965 1645 2034 maeroribu5,
1696 1964 1912 2031 Ortale,
1962 1962 2164 2018 mitto·

612 2054 767 2110 Haec
812 2068 1089 2124 expressa
1133 2052 1237 2110 tibi
1284 2051 1543 2108 carmina
1588 2049 1909 2117 Battiadae,

448 2149 495 2187 1⁵
524 2138 605 2195 Ne
649 2128 759 2195 ma.
798 2138 949 2197 dicta
993 2138 1157 2211 vagis
1201 2137 1591 2210 nequicquam
1637 2133 1861 2192 credita
1906 2135 2099 2191 ventis

506 2250 521 2260 ·
613 2223 920 2282 Et'iluxisse
964 2239 1096 2281 meo
1143 2224 1293 2281 sorte
1337 2230 1508 2295 putes
1556 2221 1774 2288 anime,

528 2310 601 2366 Ut
645 2310 889 2375 missum
935 2310 1135 2382 sponsi
1183 2309 1397 2366 furtivo
1443 2323 1690 2365 munere
1735 2307 1955 2364 malum

616 2395 914 2453 procurrit
957 2402 1117 2452 casto
1164 2394 1405 2468 virginis
1450 2410 1483 2450 e
1527 2393 1770 2467 gremio,

528 2481 699 2547 Quod
745 2481 994 2539 miserae
1040 2480 1256 2537 oblitae
1299 2478 1459 2536 molli
1505 2480 1616 2537 sub
1663 2484 1828 2536 veste
1873 2480 2144 2548 locatum,

443 2575 496 2612 20
610 2566 755 2623 Dum
802 2567 1060 2624 adventu
1106 2564 1308 2622 matris
1354 2564 1598 2638 prosilit,
1648 2564 1967 2622 excutitur:

527 2650 719 2724 Atque
761 2652 907 2711 illud
950 2667 1141 2727 prono
1186 2667 1467 2726 praeceps
1514 2650 1709 2726 agitur
1754 2651 2026 2724 decursu,

526 2737 673 2795 Huic
717 2745 919 2797 manat
958 2740 1109 2798 tristi
1157 2738 1425 2796 conscius
1470 2752 1574 2796 ore
1619 2737 1822 2795 rubor.

525 2890 744 2986 omnia
789 2928 887 3000 qui
934 2926 1133 3000 magni
1181 2926 1432 2998 dispexit
1477 2924 1701 2982 lumina
1746 2924 1972 2993 mundi,

612 3013 722 3078 Qui
769 3011 1071 3067 stellarum
1119 3016 1284 3066 ortus
1331 3010 1615 3081 comperit
1658 3015 1836 3080 atque
1883 3009 2096 3078 obituS,

446 3105 495 3144 2⁵
524 3095 856 3151 Flammeus
902 3101 968 3150 ut
1012 3093 1198 3166 rapidi
1242 3094 1384 3151 solis
1431 3092 1586 3150 nitor
1632 3094 1999 3162 obscuretur,

612 3181 686 3236 Ut
730 3179 941 3237 cedant
986 3178 1157 3236 certis
1202 3178 1396 3236 sidera
1440 3179 1825 3252 temporibus,

528 3262 600 3319 Ut
644 3263 896 3322 Triviam
941 3265 1140 3323 furtim
1185 3264 1296 3322 sub
1341 3264 1566 3321 Latmia
1611 3279 1754 3321 saxa
1800 3264 2071 3337 relegans

611 3347 805 3405 Dulcis
849 3364 1015 3407 amor
1059 3365 1203 3424 gyro
1251 3350 1499 3408 devocet
1542 3349 1722 3419 aeri0,

494 3518 581 3582 55,
618 3528 680 3567 30.
722 3514 910 3566 matris
949 3515 1019 3565 D.

495 3605 580 3667 56,
621 3612 739 3652 1-7
775 3602 1114 3654 interstitium
1152 3602 1210 3652 in
1248 3603 1313 3655 L.
1351 3603 1424 3655 D.
1462 3602 1813 3667 parisiensis,
1861 3602 2256 3655 Riccardianus
2296 3614 2344 3653 et
2380 3602 2479 3655 alii

354 3673 549 3724 habent
587 3673 878 3740 septimum,
918 3682 1110 3724 ceteros
1148 3673 1340 3723 addidi
1373 3689 1437 3723 ex
1468 3690 1523 3738 p.
1555 3681 1637 3735 6⁶2,
1678 3683 1813 3724 4—8
1853 3685 1901 3726 et
1940 3682 2023 3736 64,
2071 3681 2288 3724 13-17.

353 3752 387 3794 7.
426 3743 601 3795 verba
625 3761 711 3795 rec
738 3742 1039 3805 Parisinus,
1079 3742 1197 3795 fata
1224 3743 1645 3795 Mediolanensis
1674 3753 1758 3795 2⁴.
1782 3746 2023 3812 fortasse
2062 3743 2228 3806 facta,
2267 3753 2325 3795 ut
2341 3762 2402 3809 p.
2426 3752 2472 3807 5,

354 3821 439 3863 20.
583 3825 645 3863 ιο.
681 3816 865 3878 tegam
903 3813 967 3863 L.
1005 3811 1186 3879 legam
1225 3812 1375 3865 Itali.
1508 3824 1569 3862 11.
1610 3828 1877 3867 armorum
1918 3815 1978 3869 L.
2120 3826 2184 3863 12.
2223 3814 2473 3866 Daunias

352 3882 423 3944 D,
464 3883 694 3935 Baiulas
734 3883 799 3946 L,
838 3882 1073 3935 Daiulas
1111 3902 1289 3952 maryo
1328 3883 1390 3933 L.
1522 3886 1796 3954 assumpti
1839 3885 1899 3934 L.
2016 3883 2196 3936 ithilei
2237 3884 2296 3946 L,
2336 3883 2476 3936 ithe-

351 3949 425 4004 lei
452 3955 523 4005 D.
631 3965 692 4002 14.
733 3955 967 4021 experta
990 3953 1295 4006 Parisinus.
1391 3952 1717 4007 abattiadae
1746 3957 1814 4015 D,
1843 3953 2067 4007 actiade
2094 3954 2154 4004 L.
2258 3966 2318 4003 17.
2358 3953 2469 4006 fur-

350 4021 523 4076 tivum
563 4026 633 4075 D.
779 4035 840 4072 18.
881 4023 936 4075 in
974 4023 1185 4090 gremio
1223 4026 1294 4075 D.
1439 4036 1499 4073 19.
1540 4024 1772 4078 oblitum
1811 4026 1880 4075 D.
2023 4036 2085 4074 21.
2126 4024 2207 4076 At
2242 4026 2313 4075 D.

351 4104 412 4143 22.
453 4093 634 4163 pudor
671 4095 741 4145 D.
886 4106 948 4145 28.
988 4093 1252 4165 despexit
1287 4096 1410 4146 DL.
1564 4107 1625 4146 24.
1663 4095 1889 4148 habitus
1928 4095 1991 4145 L.
2133 4105 2194 4143 27.
2235 4094 2362 4147 furt-i
2404 4097 2473 4146 D.

423 4163 682 4217 sublimia
707 4179 847 4217 saxa
872 4163 1119 4232 religans
1144 4165 1262 4216 DL.
1300 4164 1405 4217 sub
1444 4163 1609 4219 lamia
1636 4167 1936 4219 Parisinus.
2044 4176 2107 4216 28.
2145 4179 2277 4236 gyro
2309 4165 2470 4228 Itali.-

350 4235 637 4304 guioelero
676 4235 741 4300 L,
780 4237 1012 4306 spatium
1048 4254 1273 4292 vacuum
1310 4237 1369 4287 in
1406 4237 1476 4290 D.
