3364 5328
916 601 1330 660 CATULLUS
1372 605 1456 668 16,
1496 602 1707 667 4-17,
1752 609 1831 653 17.
2348 601 2424 661 13

481 787 653 857 Quod
701 792 842 844 sunt
884 782 1185 852 molliculi,
1234 796 1443 855 parum
1490 779 1789 853 pudicum.

478 873 624 930 Nam
672 879 898 929 castum
945 883 1076 928 esse
1120 868 1288 925 decct
1333 866 1493 940 pium
1537 871 1772 937 poetam

394 973 446 1011 15
474 960 695 1033 Ipsum,
743 955 1071 1015 versiculos
1116 953 1261 1011 nihil
1304 967 1549 1011 necesse
1594 957 1701 1021 est,

477 1044 590 1114 Qui
634 1051 760 1101 tum
807 1041 1065 1114 denique
1109 1038 1330 1097 habent
1372 1037 1557 1095 salem
1602 1052 1671 1093 66
1719 1037 2007 1113 leporem,

479 1131 539 1188 Si
584 1129 702 1188 sint
743 1126 1026 1187 molliculi
1071 1140 1141 1182 ac
1187 1140 1397 1198 parum
1441 1122 1638 1196 pudici

477 1217 551 1273 Et
595 1215 756 1288 quod
803 1213 1029 1288 pruriat
1072 1209 1317 1268 incitare
1362 1208 1609 1284 possint,

478 1301 605 1359 Non
653 1300 785 1357 dico
831 1297 1049 1372 pueris,
1096 1296 1203 1354 sed
1250 1296 1340 1354 his
1385 1293 1607 1369 pilosiS‚

398 1398 454 1435 20
479 1386 590 1455 Qui
637 1386 819 1443 duros
865 1389 1169 1456 nequeunt
1210 1396 1451 1440 movere
1494 1379 1750 1440 lumbos.

481 1473 618 1544 VoS‚
666 1472 826 1543 quod
872 1469 1032 1527 milia
1074 1467 1259 1526 multa
1301 1466 1602 1525 basiorum

479 1556 745 1630 Legistis‚
792 1556 947 1613 male
991 1568 1086 1611 me
1132 1568 1354 1611 marem
1401 1549 1661 1626 putatis?

480 1642 811 1701 Paedicaho
856 1656 966 1713 ego
1012 1652 1120 1698 vos
1167 1645 1223 1697 et
1268 1637 1589 1697 irrumabo.

482 1827 539 1920 θ
586 1865 851 1935 Colonia,
899 1877 1051 1935 quae
1096 1861 1262 1936 cupis
1308 1868 1487 1936 ponte
1530 1861 1737 1919 ludere
1778 1859 1979 1933 longo,

401 1960 453 2001 25
481 1950 553 2008 Et
597 1951 771 2009 salire
816 1955 1085 2023 paratum
1133 1947 1336 2019 haheS‚
1383 1948 1487 2005 sed
1533 1947 1755 2004 vereris
1800 1946 1994 2018 inepta

488 2033 675 2095 Crura
715 2034 999 2109 ponticuli
1047 2032 1259 2091 assulis
1304 2032 1511 2090 stantis
1556 2032 1616 2089 in
1661 2030 1957 2100 rediviviS‚
2015 2081 2021 2091 .

483 2119 567 2180 Ne
610 2120 852 2194 supinus
899 2126 995 2178 eat
1039 2132 1300 2192 cavaque
1344 2119 1404 2176 in
1448 2117 1665 2191 palude
1712 2116 2049 2190 recumbat;

491 2207 586 2266 Sic
627 2207 728 2265 tibi
772 2207 967 2265 honus
1011 2220 1086 2262 ex
1129 2211 1231 2262 tua
1274 2218 1426 2277 pons
1469 2202 1714 2261 libidine
1759 2202 1876 2270 fiat,

485 2293 546 2350 In
593 2307 709 2366 quo
755 2293 847 2350 vel
895 2290 1224 2350 Salisubsili
1262 2304 1430 2348 sacra
1475 2289 1903 2362 suscipiantur:

404 2389 457 2427 ³0
482 2379 691 2437 Munus
738 2379 854 2436 hoc
899 2376 1041 2434 mihi
1086 2375 1321 2433 maximi
1368 2375 1462 2447 da,
1510 2373 1775 2445 Colonia,
1823 2375 1993 2433 risuS.

358 2462 428 2521 11
480 2465 787 2533 Quendam
833 2461 1190 2534 municipem
1233 2475 1432 2525 meum
1480 2461 1552 2518 de
1596 2469 1700 2518 tuo
1747 2460 1881 2518 volo
1928 2469 2108 2533 ponte

480 2551 570 2608 Ire
613 2549 995 2623 praecipitem
1040 2546 1099 2605 in
1145 2547 1334 2604 lutum
1380 2562 1485 2619 per
1529 2552 1826 2620 caputque
1869 2547 2188 2622 pedesque,

478 2636 699 2694 Verum
744 2634 926 2693 totius
970 2639 1036 2692 ut
1081 2632 1245 2691 lacus
1290 2632 1649 2707 putidaeque
1694 2631 1927 2706 paludis

479 2721 848 2779 Lividissima
892 2719 1264 2792 maximeque
1311 2726 1401 2777 est
1443 2719 1740 2792 profunda
1784 2733 2026 2797 vorago.

421 2818 448 2855 ⁵
474 2806 906 2865 Insulsissimus
953 2812 1041 2863 cst
1087 2807 1284 2877 nomn,
1331 2820 1442 2863 1166
1486 2804 1637 2878 sapit
1681 2805 1850 2877 pueri
1894 2806 2079 2865 instar

481 2892 691 2949 Rimuli
738 2891 987 2949 tremula
1031 2890 1215 2963 patris
1260 2891 1604 2949 dormientis
1649 2891 1709 2949 in
1756 2894 1914 2951 ulna.

482 2977 631 3045 Quoi
678 2976 932 3058 cumxsit
976 2975 1331 3034 viridissimo
1377 2983 1561 3049 nupta
1605 2975 1751 3035 flore
1793 2979 1988 3053 puella

482 3060 579 3137 (Et
620 3061 818 3135 puella
860 3061 1145 3119 tenellulo
1191 3062 1495 3119 delicatior
1545 3062 1714 3132 aedo,

482 3147 854 3205 Asservanda
899 3146 1230 3220 nigerrimis
1275 3146 1611 3220 diligentius
1658 3148 1835 3225 uvis),

404 3243 453 3280 10
481 3233 711 3290 Ludere
757 3232 909 3290 hanc
953 3232 1092 3291 sinit
1136 3239 1200 3289 ut
1242 3233 1422 3305 lubet,
1470 3247 1582 3291 nec
1626 3232 1726 3307 pili
1771 3235 1910 3293 facit
1953 3234 2077 3306 uni,

450 3398 533 3462 10,
571 3410 634 3450 14.
673 3410 735 3452 15.
773 3400 1048 3467 ΑΡιιΖείιιε·
1070 3400 1203 3464 apol.
1247 3415 1308 3467 p.
1337 3407 1437 3450 280
1474 3399 1613 3452 Elm.
1755 3414 1818 3454 15.
1857 3400 2134 3455 versiculo
2164 3417 2301 3467 pars
2339 3417 2423 3451 co-

307 3469 488 3521 dicum
523 3470 697 3523 Plinii
733 3473 886 3539 epist.
927 3479 974 3531 4,
1017 3478 1096 3521 14.
1228 3480 1291 3521 16.
1329 3472 1444 3522 tum
1482 3470 1562 3522 D.-
1599 3476 1787 3527 tamen
1824 3471 1890 3527 L.
2007 3483 2071 3523 17.
2112 3474 2244 3523 sunt
2281 3471 2426 3535 apud

305 3538 559 3621 Plinium.
704 3553 764 3593 18.
802 3539 989 3610 pruria
1023 3540 1093 3595 D.
1222 3542 1462 3609 possunt
1496 3543 1568 3593 D.
1710 3555 1773 3594 21.
1812 3542 1961 3611 quod
2001 3541 2426 3595 Laurentianus.-

305 3624 403 3677 qu1
428 3610 490 3675 L,
528 3626 635 3679 que
662 3611 731 3664 D.
840 3622 903 3662 24.
945 3608 993 3664 O
1033 3608 1258 3662 culonia
1283 3625 1425 3678 quae
1459 3611 1517 3677 L,
1558 3611 1738 3668 Oculo
1767 3613 1820 3665 in
1850 3629 2027 3682 aquae
2054 3615 2124 3669 D.
2197 3610 2425 3664 laedere
2495 3607 2496 3614 ’

302 3680 425 3761 DL.
534 3692 595 3731 26.
636 3681 842 3735 assulis
880 3681 1087 3735 stantis
1125 3679 1358 3733 Statius:
1400 3696 1467 3734 ac
1504 3681 1678 3737 sulcis
1717 3683 1891 3737 tantis
1931 3682 2052 3739 DL.
2161 3680 2422 3735 int-edivi-

301 3764 391 3832 nis
419 3748 483 3803 L.
591 3763 654 3807 28.
693 3750 787 3807 Sit*
816 3751 878 3804 L.
984 3762 1047 3805 29.
1087 3749 1191 3804 sali
1230 3750 1442 3804 subsali
1482 3754 1552 3817 D,
1594 3754 1701 3808 sali
1741 3754 1975 3808 subscili
2012 3751 2425 3810 Laurentianus.

334 3819 699 3875 Salisubsulue
736 3824 889 3887 enim,
926 3824 1005 3875 uti
1027 3824 1087 3875 in
1113 3821 1453 3887 antiquorum
1476 3828 1828 3879 monumentis
1844 3828 2039 3893 reperi,
2078 3824 2231 3876 Mars
2268 3842 2303 3873 a
2338 3839 2423 3873 ve-

303 3892 498 3943 teribus
535 3893 706 3945 dictus
743 3904 834 3947 est.
911 3893 1170 3945 Pacuvius
1223 3893 1279 3946 in
1318 3910 1589 3947 armorum
1634 3897 1860 3960 iudicio,
1890 3914 1991 3961 pro
2041 3894 2260 3960 imperio
2301 3893 2425 3943 sali-

304 3962 565 4083 subsulusl
580 3966 630 4015 εἰ
648 3975 852 4085 ‘noym
899 3960 1122 4017 excubet'
1177 3965 1490 4019 Alexander
1531 3967 1823 4019 Guarinus.
1971 3966 2263 4033 suscipiant
2298 3960 2421 4014 DL.

372 4044 434 4087 30.
476 4047 543 4085 GU
569 4047 700 4087 onia
786 4074 797 4085 .

446 4120 530 4174 11.
567 4131 607 4170 3.
646 4120 997 4191 pudicaeque
1037 4121 1273 4191 paludes
1310 4123 1428 4174 DL.
1537 4135 1577 4174 5.
1616 4126 1712 4176 est
1745 4124 1820 4176 L:
1860 4137 1967 4193 que
2007 4123 2076 4174 D.
2222 4101 2320 4173 uer
2355 4119 2424 4176 D.

370 4199 408 4241 7.
450 4188 550 4241 Cui
592 4189 774 4245 iocum
813 4193 886 4246 sit
913 4193 1032 4248 DL.
1138 4204 1178 4245 8.
1216 4192 1288 4245 Et
1315 4195 1389 4245 L:
1427 4194 1506 4249 Ut
1543 4193 1613 4248 D.
1643 4204 1779 4262 puto
1803 4194 1925 4248 Est.
2021 4190 2243 4246 «1611610
2281 4192 2351 4244 D.

293 4272 332 4314 9.
375 4258 709 4315 delicantius
750 4264 814 4319 L.
963 4275 1023 4318 10.
1063 4262 1204 4316 libet
1241 4265 1313 4317 D.
1915 4258 1920 4262 ’
