3364 5328
951 616 1032 681 78
1554 607 1963 682 cA'roLLns
2001 612 2087 677 98,
2130 611 2367 678 1—100‚
2411 621 2459 664 4.

1066 832 1090 872 ⁵
1123 785 1191 881 'n
1236 830 1313 895 te,
1358 823 1407 882 si
1451 824 1511 882 in
1555 837 1913 896 quenquam,
1962 822 2072 881 diei
2116 829 2273 897 pote,
2320 823 2524 898 putide
2567 822 2733 895 Victi,

1203 909 1269 967 Id
1315 911 1476 982 quod
1520 909 1789 968 verbosis
1835 908 2048 967 dicitur
2092 916 2150 967 et
2192 909 2385 968 fatuis,

1120 995 1235 1052 Ista
1282 1009 1414 1053 cum
1459 995 1680 1069 lingua,
1727 994 1776 1052 si
1822 1010 1966 1053 usus
2012 995 2210 1054 veniat
2252 994 2375 1069 tibi,
2421 994 2613 1068 possis

1205 1074 1387 1141 Culos
1431 1088 1490 1139 et
1534 1080 1803 1153 crepidas
1846 1080 2071 1154 lingere
2118 1081 2468 1155 carpatinaS.

1121 1166 1180 1225 Si
1223 1178 1334 1225 nos
1379 1166 1620 1225 omnino
1665 1166 1755 1224 vis
1801 1180 2006 1224 omnes
2050 1168 2317 1240 perdere,
2363 1167 2529 1237 Victi,

1039 1265 1091 1303 10
1200 1252 1437 1311 Hiscas:
1485 1252 1729 1311 omnino
1776 1253 1937 1326 quod
1984 1253 2148 1329 cupis
2195 1253 2428 1312 efficies.

1120 1451 1403 1563 Surripui
1447 1488 1569 1559 tibi,
1620 1489 1762 1547 dum
1808 1489 1983 1560 ludis,
2030 1491 2248 1549 memte
2293 1490 2539 1560 lavanti,

1204 1574 1545 1634 Suaviolum
1590 1575 1748 1631 dulci
1792 1575 2022 1633 dulcius
2067 1576 2381 1634 ambrosia.

1118 1661 1332 1719 Verum
1374 1661 1434 1718 id
1479 1674 1598 1718 non
1643 1660 1885 1734 impune
1928 1660 2064 1718 tuli:
2110 1676 2366 1735 namque
2411 1662 2663 1735 amplius
2709 1662 2912 1720 horam

1205 1746 1493 1806 Suffixum
1537 1746 1598 1803 in
1643 1761 1874 1804 summa
1917 1761 2011 1804 me
2056 1748 2294 1805 memini
2342 1763 2470 1807 esse
2515 1763 2709 1819 cruce,

1039 1846 1087 1884 15
1118 1834 1264 1891 Dum
1308 1832 1414 1890 tibi
1459 1847 1555 1889 me
1598 1846 1790 1905 purgo
1833 1827 1944 1890 nac
1988 1848 2232 1907 possum
2278 1832 2513 1891 fletibus
2558 1834 2693 1892 ullis

1206 1918 1518 1976 Tantillum
1565 1924 1797 1976 vestrae
1842 1918 2078 1977 demere
2121 1919 2418 1977 saevitiae.

1116 2005 1259 2062 Nam
1305 2004 1482 2062 simul
1523 2003 1585 2060 id
1630 2002 1850 2061 factum
1897 2011 2001 2075 est,
2049 2004 2248 2063 multis
2295 2006 2477 2064 diluta
2521 2005 2736 2064 labella

1203 2089 1490 2149 Abstersti
1534 2089 1716 2162 guttis
1757 2090 2031 2148 omnibus
2073 2091 2352 2162 articuliS,

1115 2177 1197 2235 Ne
1242 2176 1559 2250 quicquam
1603 2181 1809 2232 nostro
1856 2182 2224 2233 contractum
2269 2192 2340 2233 ex
2385 2191 2489 2235 ore
2532 2184 2815 2248 maneret,

1035 2275 1090 2313 20
1199 2263 1504 2334 Tanquam
1554 2261 1882 2318 conmictae
1926 2275 2142 2334 spurca
2185 2262 2370 2319 saliva
2414 2262 2606 2334 lupae.

1119 2349 1427 2405 Praeterea
1470 2344 1680 2402 infesto
1727 2345 2008 2405 miserum
2051 2361 2147 2403 me
2190 2346 2424 2404 tradere
2468 2347 2668 2405 Amori

1202 2431 1329 2490 Non
1375 2431 1615 2489 cessasti
1660 2430 1939 2505 omnique
1985 2432 2325 2491 excruciare
2369 2432 2568 2502 modo,

1114 2520 1187 2578 Ut
1230 2517 1307 2575 mi
1355 2532 1426 2574 ex
1470 2515 1767 2574 ambrosia
1810 2523 2099 2575 mutatum
2143 2517 2260 2574 iam
2303 2517 2455 2576 foret
2496 2518 2642 2575 illud

1199 2602 1499 2661 Saviolum
1542 2600 1693 2658 tristi
1736 2600 1959 2660 tristius
2001 2601 2326 2661 helleboro,

1034 2701 1084 2742 25
1112 2690 1299 2761 Quam
1346 2687 1623 2760 quoniam
1669 2699 1925 2760 poenam
1970 2687 2184 2745 misero
2228 2688 2510 2761 proponis
2556 2689 2761 2756 amori,

1195 2774 1509 2845 Nunquam
1553 2772 1667 2830 iam
1715 2773 1963 2846 posthac
2007 2772 2172 2830 basia
2216 2772 2549 2845 surripiam.

1114 2986 1355 3086 Caelius
1399 3025 1735 3087 Aufilenum
1780 3033 1838 3085 et
1881 3023 2153 3096 Quintius
2197 3023 2524 3085 Aufilenam

1203 3114 1336 3171 Flos
1379 3113 1787 3172 Veronensum
1833 3114 2157 3187 depereunt
2197 3112 2497 3184 iuvenum,

1114 3199 1220 3257 Hic
1260 3198 1519 3271 fratrem,
1563 3200 1659 3258 ille
1704 3213 1988 3257 sororem.
2045 3200 2159 3258 hoc
2204 3204 2310 3270 est,
2357 3199 2517 3271 quod
2565 3197 2795 3270 dicitur,
2841 3198 2985 3257 illud

1031 3298 1083 3337 30
1194 3285 1542 3344 Fraternum
1586 3300 1726 3344 vere
1771 3286 1944 3344 dulce
1982 3283 2337 3344 sodalitium.

1085 3503 1170 3567 73,
1207 3516 1247 3555 5.
1283 3503 1339 3556 in
1364 3518 1678 3573 quenquam
1703 3521 1882 3572 mar-90
1908 3501 1984 3553 L.-
2018 3500 2240 3571 inquam
2269 3517 2431 3572 quam
2458 3500 2523 3567 L,
2558 3501 2780 3570 inquam
2805 3496 2952 3568 quod
2979 3499 3047 3549 D.

997 3576 1187 3639 potest
1231 3574 1302 3626 D.
1451 3586 1595 3625 6-9
1629 3592 1713 3627 om
1748 3576 1828 3638 D,
1878 3575 1996 3639 sed,
2035 3574 2172 3641 quod
2207 3575 2325 3637 acio,
2361 3575 2518 3626 solus.
2658 3583 2698 3627 6.
2736 3570 2802 3624 In
2837 3570 3053 3626 Riccar-

944 3645 1156 3696 dianus.
1300 3655 1338 3695 ⁷.
1375 3660 1515 3698 unus
1557 3664 1629 3711 pr
1676 3645 1740 3697 L.
1892 3644 2056 3697 venia
2105 3644 2514 3697 Riccardianus.
2656 3653 2697 3692 8.
2732 3637 3052 3710 carpathiae

943 3715 1096 3765 idem.
1238 3726 1300 3770 10.
1338 3715 1544 3770 Discas
1592 3715 1715 3767 DL.
1760 3717 1989 3768 correxit
2045 3714 2273 3767 Vomm.
2417 3725 2479 3767 11.
2519 3710 2798 3779 Surripuit
2848 3710 2912 3761 L.

942 3795 1004 3836 12.
1042 3783 1321 3838 ambrosio
1360 3786 1425 3836 L.
1532 3797 1595 3836 14.
1634 3802 1720 3838 me
1759 3804 1840 3837 om
1870 3786 1940 3838 D.
2046 3795 2109 3834 18.
2145 3784 2411 3838 Abstersi
2437 3783 2612 3851 guttis
2638 3780 2709 3845 D,
2738 3779 2926 3834 Guttis
2954 3778 3053 3831 ab·

944 3854 1109 3907 stersi
1146 3854 1206 3905 L.
1315 3867 1377 3906 19.
1415 3854 1540 3910 Nec
1579 3854 1644 3907 L.
1752 3860 1940 3908 vestro
1978 3855 2059 3906 D.'
2154 3866 2219 3906 2ο.
2258 3854 2584 3908 commictae
2628 3848 2865 3904 Vossius:
2903 3864 3053 3902 com-

942 3924 1100 3976 mitte
1140 3926 1556 3991 Laurentianus,
1595 3926 1856 3979 coniucte
1894 3926 1965 3989 D,
2005 3924 2335 3978 coniunctae
2373 3925 2434 3975 L.
2541 3935 2603 3974 22.
2642 3919 2808 3973 Nunc
2842 3921 2913 3974 D.

941 4007 1004 4044 23.
1043 3994 1175 4049 mihi
1210 3996 1327 4051 DL.
1471 3996 1752 4050 ambrosio
1787 3995 1847 4046 L.
1990 4006 2053 4044 24.
2094 3994 2413 4048 Suaviolum
2452 3995 2522 4048 D.
2665 3990 2894 4043 elaboro
2932 3987 3054 4040 DL.

1010 4076 1074 4117 25.
1110 4067 1410 4135 praeponis
1449 4067 1569 4120 DL.
1675 4064 1739 4117 26⁸.
1777 4066 1886 4119 iam
1911 4084 1992 4116 om
2016 4066 2086 4118 D.
2193 4075 2255 4116 27.
2294 4064 2492 4118 Melius
2530 4059 2788 4116 aurelium
2814 4064 2872 4112 et
2897 4059 3056 4127 quin-

943 4140 1033 4187 tus
1072 4134 1342 4189 auflenam
1379 4139 1453 4190 D.
1554 4149 1621 4188 28.
1659 4135 2067 4191 veronensium
2094 4134 2160 4199 L,
2186 4134 2588 4189 treronensium
2609 4150 2683 4199 pr
2709 4130 2772 4184 L.
2883 4129 3054 4198 depe-

943 4210 1099 4257 reant
1133 4208 1205 4271 D,
1246 4205 1542 4277 deperaret
1578 4206 1643 4272 L,
1684 4206 2017 4278 depererant
2042 4205 2459 4260 Laurentianus.
2564 4216 2629 4256 29.
2668 4215 2892 4256 sorores
2921 4201 2984 4251 L.

946 4277 1037 4328 est
1073 4276 1219 4346 quod
1259 4296 1339 4330 om
1375 4279 1446 4331 D.
2210 4300 2213 4303 ⁴
2893 4279 2900 4286 ·>
