3364 5328
917 593 1334 651 OA'PULLUS
1371 596 1458 661 22,
1497 595 1707 658 0—23,
1752 605 1828 649 15.
2352 603 2426 662 15

476 774 714 834 Relata:
763 772 1003 830 chartae
1046 770 1262 845 regiae,
1309 772 1483 830 novei
1525 770 1680 841 libri,

476 859 623 919 Novi
669 856 949 927 umbilici,
996 857 1125 914 lora
1171 858 1370 927 rubra,
1417 858 1764 915 membrana

400 958 448 998 10
472 946 704 1005 Directa
750 942 1015 1017 plumbo,
1062 948 1120 1000 et
1163 943 1396 1016 pumice
1440 944 1638 1001 omnia
1682 950 1952 1015 aequata.

474 1032 634 1090 Haec
679 1044 815 1088 cum
858 1028 1022 1102 legas
1065 1034 1150 1098 tu,
1197 1029 1386 1088 bellus
1431 1028 1527 1087 ille
1572 1035 1630 1087 et
1672 1029 1940 1088 urbanus

474 1117 753 1176 Suffenus
798 1129 953 1172 unus
1000 1114 1398 1189 caprimulgus
1443 1121 1546 1172 aut
1589 1115 1786 1173 fossor

472 1204 702 1262 Rursus
747 1200 1011 1258 videtur:
1055 1206 1283 1258 tantum
1332 1202 1610 1259 abhorret
1653 1215 1725 1257 ac
1769 1207 1974 1258 mutat.

474 1289 597 1346 Hoc
646 1286 789 1360 quid
835 1291 1110 1359 putemus
1156 1279 1325 1344 esse?
1370 1287 1468 1359 qui
1513 1287 1692 1344 modo
1738 1300 1944 1343 scurra

402 1384 451 1423 1⁵
478 1374 592 1432 Aut
636 1370 830 1445 siquid
877 1372 991 1429 hac
1034 1385 1098 1428 re
1142 1371 1335 1430 tritius
1382 1371 1710 1441 videbatur,

479 1460 641 1517 Idem
685 1457 937 1515 infaceto
985 1462 1074 1514 est
1118 1457 1425 1517 infacetior
1466 1472 1625 1528 rure,

479 1544 662 1604 Simul
711 1548 984 1617 poemata
1030 1542 1235 1617 attigit,
1283 1558 1477 1616 neque
1519 1536 1677 1600 idem
1725 1556 1986 1615 unquam

477 1630 678 1702 Aeque
724 1634 813 1686 est
855 1628 1066 1686 beatus
1113 1621 1182 1686 ac
1229 1642 1440 1702 poema
1486 1642 1618 1685 cum
1665 1627 1895 1686 scribit:

478 1717 619 1773 Tam
665 1715 885 1788 gaudet
926 1713 988 1771 in
1034 1729 1098 1771 se
1143 1721 1381 1789 tamque
1425 1729 1490 1771 se
1532 1714 1659 1787 ipse
1703 1714 1967 1774 miratur.

402 1801 756 1858 20Nimirum
800 1800 955 1857 idem
1004 1814 1210 1858 omnes
1255 1799 1528 1869 fallimur,
1574 1815 1769 1872 neque
1815 1807 1903 1857 est
1948 1801 2278 1873 quisquam,

480 1887 664 1954 Quem
709 1900 829 1943 non
875 1885 935 1943 in
982 1885 1181 1958 aliqua
1226 1884 1535 1943 revidere
1579 1885 1887 1943 Suffenum

483 1971 696 2031 Possis.
764 1986 908 2029 suus
954 1970 1168 2045 cuique
1212 1970 1527 2029 attributus
1574 1977 1663 2028 est
1708 1986 1902 2029 error:

485 2060 600 2116 Sed
642 2070 762 2117 non
805 2056 1091 2128 videmuS,
1138 2056 1427 2116 manticae
1472 2057 1632 2128 quod
1678 2056 1737 2115 in
1783 2063 1950 2130 tergo
1997 2064 2103 2115 est.

487 2227 545 2319 F
546 2265 682 2335 urei,
730 2265 823 2324 cui
869 2279 1061 2338 neque
1104 2279 1313 2322 servus
1358 2270 1448 2321 est
1490 2277 1684 2336 neque
1730 2277 1875 2320 arca

403 2357 451 2397 2⁵
477 2349 592 2407 Nec
635 2351 820 2409 cimex
864 2365 1059 2422 neque
1102 2365 1356 2408 araneus
1400 2363 1595 2422 neque
1639 2347 1811 2423 ignis,

475 2435 686 2494 Verum
732 2443 821 2495 est
865 2443 923 2493 et
965 2444 1133 2509 pater
1177 2442 1236 2493 et
1278 2449 1554 2505 noverca,
1604 2449 1857 2506 quorum

473 2520 686 2581 Dentes
731 2522 824 2581 vel
870 2520 1093 2581 silicem
1139 2535 1402 2580 comesse
1449 2527 1730 2594 possunt3

470 2607 575 2666 Est
618 2608 864 2683 pulchre
907 2606 1011 2664 tibi
1057 2622 1188 2664 cum
1235 2615 1337 2666 tuo
1383 2613 1637 2681 parente

468 2694 542 2751 Et
588 2709 722 2752 cum
767 2693 1018 2767 coniuge
1063 2694 1258 2768 lignea
1302 2694 1579 2768 parentis.

385 2785 440 2824 ³⁰
463 2779 585 2838 Nec
631 2781 876 2838 mirum:
922 2778 1076 2837 bene
1120 2795 1259 2838 nam
1305 2779 1510 2837 valetis
1555 2794 1780 2851 omneS‚

342 2861 417 2922 13
467 2864 726 2924 Pulchre
771 2863 1158 2939 concoquitis,
1203 2859 1349 2923 nihil
1391 2865 1626 2938 timetiS,

463 2952 596 3009 Non
642 2950 937 3022 incendia,
981 2965 1102 3009 non
1148 2966 1357 3024 graves
1405 2950 1625 3022 ruinaS,

458 3038 593 3096 Non
641 3037 799 3095 furta
841 3035 1038 3110 impia,
1084 3051 1205 3094 non
1252 3037 1422 3094 dolos
1466 3038 1698 3106 veneni,

458 3123 593 3181 Non
644 3137 817 3181 casus
863 3121 1010 3179 alios
1050 3121 1466 3194 periculorum.

403 3217 428 3255 ⁵
454 3207 641 3281 Atqui
682 3221 938 3287 corpora
982 3207 1230 3266 sicciora
1278 3222 1464 3265 cornu

454 3294 581 3352 Aut
627 3293 822 3366 siquid
868 3294 1057 3368 magis
1103 3292 1334 3350 aridum
1379 3299 1471 3352 est
1515 3292 1743 3352 habetis

453 3380 603 3439 Sole
651 3384 709 3436 et
754 3379 970 3452 frigore
1017 3385 1074 3438 et
1118 3378 1456 3437 esuritione.

457 3466 666 3535 Quare
710 3479 829 3523 non
875 3465 980 3522 tibi
1025 3465 1101 3523 sit
1141 3465 1296 3524 bene
1340 3480 1410 3523 ac
1452 3460 1667 3523 beate?

421 3617 514 3680 12,
554 3630 597 3674 8.
637 3630 780 3670 nove
819 3613 884 3680 L,
924 3630 1121 3670 novem
1150 3616 1220 3680 D,
1260 3630 1514 3685 noveque
1554 3616 1953 3670 Riccardianus.
2066 3630 2106 3670 9.
2144 3620 2414 3673 membra-

282 3700 385 3738 nae
423 3688 549 3739 DL.
699 3697 763 3737 10.
801 3686 1045 3741 Detecto.
1079 3686 1198 3739 DL.
1342 3697 1404 3739 11.
1443 3685 1567 3739 Nec
1604 3689 1675 3742 D.
1830 3701 1893 3740 15.
1931 3687 2149 3742 tristius
2189 3689 2310 3740 DL.

276 3768 337 3808 16.
377 3757 711 3822 infacetior]
752 3756 996 3811 infaceto
1034 3757 1152 3809 DL.
1294 3767 1356 3808 17.
1395 3772 1593 3825 poema
1628 3758 1691 3813 L.
1836 3771 1898 3808 18.
1937 3757 2027 3830 ac]
2069 3760 2139 3811 ah
2176 3760 2296 3824 DL,
2345 3760 2416 3813 ha.

276 3826 713 3882 Laurentianus.
845 3838 908 3877 19.
946 3833 1205 3896 tauquam
1243 3826 1361 3878 DL.
1494 3839 1557 3877 2ο.
1598 3828 1776 3881 omnis
1815 3831 1883 3881 D.
2010 3830 2306 3898 quicquam
2343 3832 2413 3882 D.

340 3910 405 3954 23.
445 3899 760 3965 Porphyrio
795 3898 870 3949 ad
907 3896 1129 3950 Horatii
1163 3914 1315 3949 serm.
1348 3906 1396 3961 ⁶2,
1424 3906 1473 3962 3,
1503 3907 1622 3954 299.
1763 3912 1828 3950 25.
1867 3913 1970 3952 nec
2007 3915 2243 3953 araneus
2280 3900 2342 3951 L.

272 3978 331 4019 27.
374 3969 606 4038 cylices
645 3969 717 4018 D.
859 3979 922 4020 28.
961 3965 1207 4037 pulcrum
1246 3969 1316 4022 D.
1460 3980 1524 4019 30.
1564 3967 1652 4021 Ne
1702 3970 1892 4022 mirum
1931 3968 1996 4034 L,
2033 3969 2304 4023 Nimirum
2342 3965 2418 4022 D.

270 4035 367 4091 Nil
407 4040 619 4093 mirum
655 4037 726 4087 N.
762 4037 1039 4091 Heinsius.

414 4127 508 4191 13,
553 4137 597 4177 1.
639 4124 1035 4192 conquoquitis
1073 4126 1143 4177 D.
1250 4136 1290 4175 2.
1330 4125 1506 4178 minas
1540 4143 1615 4195 pr
1643 4125 1707 4180 L.
1821 4107 1872 4182 a.
1903 4126 2053 4179 facta,
2087 4125 2152 4190 L,
2192 4125 2309 4180 fata
2333 4128 2412 4177 D.-

266 4199 511 4249 correaeit
554 4194 854 4261 Hauptius.
1000 4208 1038 4248 5.
1077 4195 1197 4247 Aut
1232 4195 1326 4263 qui
1365 4196 1487 4247 DL.
1635 4198 1891 4267 corpora]
1931 4211 2139 4251 cornua
2165 4214 2242 4267 pr
2277 4197 2341 4250 L.

262 4276 302 4314 6.
346 4267 579 4321 aridum
619 4264 799 4332 magis
839 4268 932 4318 est
956 4264 1075 4318 DL.
1185 4264 1392 4318 abietis
1421 4267 1484 4321 L.
1596 4279 1634 4323 7.
1673 4266 1985 4321 exui-itione
2014 4268 2083 4324 D.
2188 4281 2229 4324 8.
2268 4268 2315 4321 si
2342 4270 2414 4321 D.
