3364 5328
2373 654 2455 717 85

973 1162 1055 1236 O.
1109 1161 1459 1240 LICINII
1515 1162 1816 1239 OALVI

924 1315 1341 1372 GARMJNUM
1377 1316 1891 1373 FRAGMENTA.

1372 1650 1425 1708 1.

339 1731 578 1830 Durum
622 1787 727 1829 rus
772 1772 927 1847 fugis
972 1778 1030 1830 et
1072 1770 1454 1829 laboriosum.

410 1851 467 1904 in
490 1852 795 1921 poematis·
835 1853 1112 1912 Θεῐῑίαεο
1150 1859 1229 1904 12.
1257 1850 1453 1905 Gallus
1486 1850 1789 1921 poematis:
1825 1850 2038 1907 Nonius
2069 1860 2116 1910 2,
2143 1858 2234 1900 491
2256 1868 2313 1915 p.
2340 1856 2455 1900 133.

1364 2008 1421 2070 2.

340 2116 410 2174 Et
452 2116 584 2175 talis
630 2116 841 2176 Curius
887 2114 1279 2190 pereruditus.

409 2196 941 2267 hendecasyllabus:
988 2197 1248 2250 Asconius
1283 2198 1356 2250 ad
1396 2197 1553 2251 Cicer.
1592 2208 1729 2251 orat.
1767 2198 1827 2250 in
1864 2206 1989 2266 toqa
2027 2195 2281 2250 candida.

1362 2359 1420 2419 3.

683 2478 834 2537 vaga
879 2461 1134 2519 candido
1179 2460 1444 2535 Nympha
1491 2461 1651 2533 quod
1697 2468 1858 2519 secet
1904 2460 2105 2533 ungui.

407 2545 461 2597 in
499 2547 785 2613 poemate:
827 2542 1104 2596 Charisius
1148 2550 1192 2605 1,
1221 2558 1281 2611 p.
1329 2550 1442 2594 120.
1497 2540 1703 2595 Lilium
1741 2543 1898 2596 addit
1933 2541 2319 2596 Broukhusiuo.

1369 2703 1427 2763 4.

641 2823 775 2867 cum
822 2807 942 2865 iam
988 2808 1148 2867 fulva
1194 2806 1341 2865 cinis
1386 2806 1571 2866 fuero.

406 2891 463 2943 in
501 2888 861 3010 qarm}¹¹ib¹‚¹?²
905 2888 1176 2941 Charisius
1218 2896 1264 2951 l,
1296 2905 1355 2953 p.
1397 2894 1458 2939 73
1497 2897 1546 2940 οι
1582 2887 1792 2940 Nonius
1829 2896 1879 2951 3,
1909 2895 1968 2940 51
2002 2904 2066 2955 p.
2101 2896 2216 2952 198,
2254 2889 2345 2941 ubi
2380 2889 2453 2940 Ie-

472 2968 621 3027 quur
682 2972 799 3009 ueri
831 2994 843 3006 .

1368 3114 1425 3174 5.

422 3218 693 3276 Forsitan
737 3218 851 3275 hoc
893 3217 1069 3275 etiam
1117 3217 1374 3292 gaudeat
1417 3217 1544 3292 ipsa
1591 3218 1755 3277 cinis.

406 3302 464 3353 in
503 3297 864 3353 carminibus:
907 3297 1183 3354 Charisius
1228 3307 1271 3365 1,
1302 3317 1360 3367 p.
1394 3305 1477 3355 78.

1370 3457 1428 3517 6.

335 3565 601 3638 Magum,
650 3578 828 3636 quem
873 3568 1145 3622 metuunt
1190 3576 1417 3633 omne5‚
1463 3562 1644 3638 digito
1693 3570 1869 3637 caput
1914 3579 2033 3622 uno

422 3648 658 3723 Scalpit.
716 3648 859 3721 quid
904 3650 1109 3707 credas
1155 3650 1314 3708 hunc
1360 3648 1473 3707 sibi
1518 3644 1713 3708 velle?
1768 3651 1976 3709 virum.

408 3745 655 3784 carmen.
694 3728 893 3783 Seneca
929 3740 1159 3783 controv.
1190 3739 1236 3795 5,
1281 3738 1347 3781 30
1386 3731 2097 3794 023,19.aechol.Lucani
2126 3742 2170 3798 7,
2204 3741 2323 3786 726.
2361 3739 2455 3804 qui

476 3799 948 3925 Maatigliicatgibuit
998 3811 1047 3855 et
1094 3802 1250 3855 habet
1291 3800 1545 3856 homines
1594 3802 1816 3870 (omnes
1861 3802 2109 3859 Pithoeus
2155 3806 2357 3873 edidit)
2404 3818 2454 3861 et

479 3886 572 3940 qui

1368 4028 1425 4088 7.

1445 4134 1718 4211 Bithynia
1764 4135 2044 4210 quicquid

424 4220 495 4277 Et
538 4219 882 4292 paedicator
925 4218 1194 4278 Caesaris
1240 4235 1522 4293 umquam
1566 4222 1791 4282 habuit.

408 4301 689 4355 Suetonius
728 4302 786 4354 in
824 4300 1049 4355 Caesare
1084 4310 1170 4354 49.
