<?xml version="1.0" encoding="UTF-8"?>
<!DOCTYPE html PUBLIC "-//W3C//DTD XHTML 1.0 Transitional//EN"
    "http://www.w3.org/TR/xhtml1/DTD/xhtml1-transitional.dtd">
<html xmlns="http://www.w3.org/1999/xhtml" xml:lang="en" lang="en">
 <head>
  <title>
</title>
<meta http-equiv="Content-Type" content="text/html;charset=utf-8" />
  <meta name='ocr-system' content='tesseract 3.04.00' />
  <meta name='ocr-capabilities' content='ocr_page ocr_carea ocr_par ocr_line ocrx_word'/>
</head>
<body>
  <div class='ocr_page' id='page_1' title='image "./qvaleriicatulli04catugoog_0038.png"; bbox 0 0 3364 5328; ppageno 0'>
   <div class='ocr_carea' id='block_1_1' title="bbox 961 627 2472 696">
    <p class='ocr_par' dir='ltr' id='par_1_1' title="bbox 961 627 2472 696">
     <span class='ocr_line' id='line_1_1' title="bbox 961 627 2472 696; baseline -0.012 0"><span class='ocrx_word' id='word_1_1' title='bbox 961 636 1042 696; x_wconf 84' lang='lat'><strong>26</strong></span> <span class='ocrx_word' id='word_1_2' title='bbox 1576 627 1995 685; x_wconf 76' lang='lat' dir='ltr'><strong>CATULLUS</strong></span> <span class='ocrx_word' id='word_1_3' title='bbox 2033 627 2119 692; x_wconf 84' lang='lat'><strong>44,</strong></span> <span class='ocrx_word' id='word_1_4' title='bbox 2165 636 2273 678; x_wconf 85' lang='lat'><strong>1-</strong></span> <span class='ocrx_word' id='word_1_5' title='bbox 2298 628 2385 692; x_wconf 76' lang='lat'><strong>45,</strong></span> <span class='ocrx_word' id='word_1_6' title='bbox 2426 636 2472 679; x_wconf 83' lang='lat'><strong><em>8.</em></strong></span> 
     </span>
    </p>
   </div>
   <div class='ocr_carea' id='block_1_2' title="bbox 1003 806 2856 2627">
    <p class='ocr_par' dir='ltr' id='par_1_2' title="bbox 1129 806 2856 1004">
     <span class='ocr_line' id='line_1_2' title="bbox 1133 806 2502 912; baseline -0.001 -13"><span class='ocrx_word' id='word_1_7' title='bbox 1133 806 1189 899; x_wconf 75' lang='lat'>0</span> <span class='ocrx_word' id='word_1_8' title='bbox 1236 845 1418 903; x_wconf 82' lang='lat' dir='ltr'><strong>funde</strong></span> <span class='ocrx_word' id='word_1_9' title='bbox 1465 851 1665 902; x_wconf 90' lang='lat' dir='ltr'><strong>noster</strong></span> <span class='ocrx_word' id='word_1_10' title='bbox 1709 858 1815 900; x_wconf 91' lang='lat' dir='ltr'><strong>seu</strong></span> <span class='ocrx_word' id='word_1_11' title='bbox 1862 840 2078 900; x_wconf 79' lang='lat' dir='ltr'>Sabine</span> <span class='ocrx_word' id='word_1_12' title='bbox 2120 855 2226 899; x_wconf 89' lang='lat' dir='ltr'><strong>seu</strong></span> <span class='ocrx_word' id='word_1_13' title='bbox 2271 840 2502 912; x_wconf 81' lang='lat' dir='ltr'><strong>TiburS‚</strong></span> 
     </span>
     <span class='ocr_line' id='line_1_3' title="bbox 1129 926 2856 1004; baseline -0.003 -16"><span class='ocrx_word' id='word_1_14' title='bbox 1129 929 1299 1004; x_wconf 84' lang='lat' dir='ltr'><strong>(Nam</strong></span> <span class='ocrx_word' id='word_1_15' title='bbox 1346 938 1401 988; x_wconf 87' lang='lat' dir='ltr'><strong>te</strong></span> <span class='ocrx_word' id='word_1_16' title='bbox 1449 946 1578 988; x_wconf 91' lang='lat' dir='ltr'><strong>esse</strong></span> <span class='ocrx_word' id='word_1_17' title='bbox 1622 929 1921 986; x_wconf 73' lang='lat' dir='ltr'>Tiburtem</span> <span class='ocrx_word' id='word_1_18' title='bbox 1968 933 2293 996; x_wconf 86' lang='lat' dir='ltr'><strong>autumant,</strong></span> <span class='ocrx_word' id='word_1_19' title='bbox 2341 926 2556 998; x_wconf 87' lang='lat' dir='ltr'><strong>quibus</strong></span> <span class='ocrx_word' id='word_1_20' title='bbox 2603 941 2721 982; x_wconf 91' lang='lat' dir='ltr'><strong>non</strong></span> <span class='ocrx_word' id='word_1_21' title='bbox 2769 933 2856 983; x_wconf 89' lang='lat' dir='ltr'><strong>est</strong></span> 
     </span>
    </p>

    <p class='ocr_par' dir='ltr' id='par_1_3' title="bbox 1048 1011 2687 1085">
     <span class='ocr_line' id='line_1_4' title="bbox 1048 1011 2687 1085; baseline -0.002 -12"><span class='ocrx_word' id='word_1_22' title='bbox 1048 1016 1303 1073; x_wconf 75' lang='lat' dir='ltr'><strong>socordi</strong></span> <span class='ocrx_word' id='word_1_23' title='bbox 1350 1016 1646 1074; x_wconf 86' lang='lat' dir='ltr'><strong>Catullum</strong></span> <span class='ocrx_word' id='word_1_24' title='bbox 1694 1014 1957 1071; x_wconf 83' lang='lat' dir='ltr'><strong>laedere:</strong></span> <span class='ocrx_word' id='word_1_25' title='bbox 2008 1021 2066 1070; x_wconf 91' lang='lat' dir='ltr'><strong>at</strong></span> <span class='ocrx_word' id='word_1_26' title='bbox 2113 1012 2327 1085; x_wconf 89' lang='lat' dir='ltr'><strong>quibus</strong></span> <span class='ocrx_word' id='word_1_27' title='bbox 2375 1011 2539 1068; x_wconf 89' lang='lat' dir='ltr'><strong>eordi</strong></span> <span class='ocrx_word' id='word_1_28' title='bbox 2583 1018 2687 1082; x_wconf 86' lang='lat' dir='ltr'><strong>est,</strong></span> 
     </span>
    </p>

    <p class='ocr_par' dir='ltr' id='par_1_4' title="bbox 1003 1094 2586 1430">
     <span class='ocr_line' id='line_1_5' title="bbox 1003 1094 2586 1173; baseline -0.002 -16"><span class='ocrx_word' id='word_1_29' title='bbox 1003 1097 1084 1159; x_wconf 82' lang='lat'><strong>23</strong></span> <span class='ocrx_word' id='word_1_30' title='bbox 1130 1101 1351 1170; x_wconf 81' lang='lat' dir='ltr'><strong>Quovis</strong></span> <span class='ocrx_word' id='word_1_31' title='bbox 1396 1101 1682 1159; x_wconf 87' lang='lat' dir='ltr'><strong>Sabinum</strong></span> <span class='ocrx_word' id='word_1_32' title='bbox 1728 1098 1975 1173; x_wconf 78' lang='lat' dir='ltr'><strong>pignore</strong></span> <span class='ocrx_word' id='word_1_33' title='bbox 2019 1114 2149 1156; x_wconf 89' lang='lat' dir='ltr'><strong>esse</strong></span> <span class='ocrx_word' id='word_1_34' title='bbox 2195 1094 2586 1171; x_wconf 86' lang='lat' dir='ltr'><strong>contendunt)</strong></span> 
     </span>
     <span class='ocr_line' id='line_1_6' title="bbox 1131 1182 2347 1255; baseline -0.002 -10"><span class='ocrx_word' id='word_1_35' title='bbox 1131 1187 1247 1245; x_wconf 86' lang='lat' dir='ltr'><strong>Sed</strong></span> <span class='ocrx_word' id='word_1_36' title='bbox 1292 1202 1398 1245; x_wconf 90' lang='lat' dir='ltr'><strong>seu</strong></span> <span class='ocrx_word' id='word_1_37' title='bbox 1444 1186 1661 1244; x_wconf 82' lang='lat' dir='ltr'>Sabine</span> <span class='ocrx_word' id='word_1_38' title='bbox 1706 1185 1830 1243; x_wconf 91' lang='lat' dir='ltr'><strong>sive</strong></span> <span class='ocrx_word' id='word_1_39' title='bbox 1875 1184 2069 1243; x_wconf 86' lang='lat' dir='ltr'><strong>verius</strong></span> <span class='ocrx_word' id='word_1_40' title='bbox 2115 1182 2347 1255; x_wconf 80' lang='lat' dir='ltr'><strong>TiburS‚</strong></span> 
     </span>
     <span class='ocr_line' id='line_1_7' title="bbox 1130 1269 2169 1330; baseline -0.003 -1"><span class='ocrx_word' id='word_1_41' title='bbox 1130 1271 1234 1330; x_wconf 91' lang='lat' dir='ltr'><strong>Fui</strong></span> <span class='ocrx_word' id='word_1_42' title='bbox 1280 1272 1530 1329; x_wconf 80' lang='lat' dir='ltr'><strong>libenter</strong></span> <span class='ocrx_word' id='word_1_43' title='bbox 1573 1272 1633 1329; x_wconf 89' lang='lat' dir='ltr'><strong>in</strong></span> <span class='ocrx_word' id='word_1_44' title='bbox 1681 1277 1782 1328; x_wconf 90' lang='lat' dir='ltr'><strong>tua</strong></span> <span class='ocrx_word' id='word_1_45' title='bbox 1826 1269 2169 1329; x_wconf 89' lang='lat' dir='ltr'><strong>suburbana</strong></span> 
     </span>
     <span class='ocr_line' id='line_1_8' title="bbox 1132 1355 2455 1430; baseline -0.002 -16"><span class='ocrx_word' id='word_1_46' title='bbox 1132 1357 1280 1414; x_wconf 87' lang='lat' dir='ltr'><strong>Villa</strong></span> <span class='ocrx_word' id='word_1_47' title='bbox 1324 1357 1659 1429; x_wconf 87' lang='lat' dir='ltr'><strong>malamque</strong></span> <span class='ocrx_word' id='word_1_48' title='bbox 1705 1362 1944 1429; x_wconf 80' lang='lat' dir='ltr'><strong>pectore</strong></span> <span class='ocrx_word' id='word_1_49' title='bbox 1989 1355 2185 1430; x_wconf 81' lang='lat' dir='ltr'>expuli</span> <span class='ocrx_word' id='word_1_50' title='bbox 2229 1355 2455 1426; x_wconf 86' lang='lat' dir='ltr'><strong>tussim,</strong></span> 
     </span>
    </p>

    <p class='ocr_par' dir='ltr' id='par_1_5' title="bbox 1075 1440 2501 1513">
     <span class='ocr_line' id='line_1_9' title="bbox 1075 1440 2501 1513; baseline -0.002 -13"><span class='ocrx_word' id='word_1_51' title='bbox 1075 1454 1100 1491; x_wconf 86' lang='lat'>5</span> <span class='ocrx_word' id='word_1_52' title='bbox 1127 1443 1254 1500; x_wconf 93' lang='lat' dir='ltr'><strong>Non</strong></span> <span class='ocrx_word' id='word_1_53' title='bbox 1300 1441 1609 1499; x_wconf 86' lang='lat' dir='ltr'><strong>inmerenti</strong></span> <span class='ocrx_word' id='word_1_54' title='bbox 1655 1456 1834 1513; x_wconf 86' lang='lat' dir='ltr'><strong>quam</strong></span> <span class='ocrx_word' id='word_1_55' title='bbox 1880 1440 2020 1498; x_wconf 90' lang='lat' dir='ltr'><strong>mihi</strong></span> <span class='ocrx_word' id='word_1_56' title='bbox 2066 1456 2232 1498; x_wconf 91' lang='lat' dir='ltr'><strong>meus</strong></span> <span class='ocrx_word' id='word_1_57' title='bbox 2277 1446 2501 1512; x_wconf 87' lang='lat' dir='ltr'><strong>venter,</strong></span> 
     </span>
    </p>

    <p class='ocr_par' dir='ltr' id='par_1_6' title="bbox 1129 1526 2548 1857">
     <span class='ocr_line' id='line_1_10' title="bbox 1129 1526 2452 1600; baseline -0.003 -14"><span class='ocrx_word' id='word_1_58' title='bbox 1129 1529 1279 1586; x_wconf 88' lang='lat' dir='ltr'><strong>Dum</strong></span> <span class='ocrx_word' id='word_1_59' title='bbox 1323 1534 1704 1600; x_wconf 86' lang='lat' dir='ltr'><strong>sumptuosas</strong></span> <span class='ocrx_word' id='word_1_60' title='bbox 1749 1533 1982 1599; x_wconf 87' lang='lat' dir='ltr'><strong>appete,</strong></span> <span class='ocrx_word' id='word_1_61' title='bbox 2031 1526 2209 1597; x_wconf 87' lang='lat' dir='ltr'><strong>dedit,</strong></span> <span class='ocrx_word' id='word_1_62' title='bbox 2257 1541 2452 1584; x_wconf 75' lang='lat' dir='ltr'><strong>eenaS.</strong></span> 
     </span>
     <span class='ocr_line' id='line_1_11' title="bbox 1129 1610 2507 1682; baseline -0.001 -13"><span class='ocrx_word' id='word_1_63' title='bbox 1129 1613 1292 1682; x_wconf 89' lang='lat' dir='ltr'><strong>Nam,</strong></span> <span class='ocrx_word' id='word_1_64' title='bbox 1339 1612 1644 1670; x_wconf 89' lang='lat' dir='ltr'><strong>Sestianus</strong></span> <span class='ocrx_word' id='word_1_65' title='bbox 1693 1612 1833 1669; x_wconf 87' lang='lat' dir='ltr'><strong>dum</strong></span> <span class='ocrx_word' id='word_1_66' title='bbox 1882 1612 2016 1669; x_wconf 89' lang='lat' dir='ltr'><strong>volo</strong></span> <span class='ocrx_word' id='word_1_67' title='bbox 2064 1627 2193 1669; x_wconf 90' lang='lat' dir='ltr'><strong>esse</strong></span> <span class='ocrx_word' id='word_1_68' title='bbox 2239 1610 2507 1682; x_wconf 82' lang='lat' dir='ltr'><strong>conviva,</strong></span> 
     </span>
     <span class='ocr_line' id='line_1_12' title="bbox 1132 1697 2211 1772; baseline -0.003 -15"><span class='ocrx_word' id='word_1_69' title='bbox 1132 1697 1468 1757; x_wconf 82' lang='lat' dir='ltr'><strong>Orationem</strong></span> <span class='ocrx_word' id='word_1_70' title='bbox 1515 1697 1574 1756; x_wconf 92' lang='lat' dir='ltr'><strong>in</strong></span> <span class='ocrx_word' id='word_1_71' title='bbox 1620 1697 1858 1755; x_wconf 85' lang='lat' dir='ltr'><strong>Antium</strong></span> <span class='ocrx_word' id='word_1_72' title='bbox 1904 1697 2211 1772; x_wconf 86' lang='lat' dir='ltr'><strong>petitorem</strong></span> 
     </span>
     <span class='ocr_line' id='line_1_13' title="bbox 1131 1783 2548 1857; baseline -0.001 -17"><span class='ocrx_word' id='word_1_73' title='bbox 1131 1784 1370 1842; x_wconf 83' lang='lat' dir='ltr'><strong>Plenam</strong></span> <span class='ocrx_word' id='word_1_74' title='bbox 1418 1783 1629 1842; x_wconf 87' lang='lat' dir='ltr'><strong>veneni</strong></span> <span class='ocrx_word' id='word_1_75' title='bbox 1678 1790 1737 1841; x_wconf 92' lang='lat' dir='ltr'><strong>et</strong></span> <span class='ocrx_word' id='word_1_76' title='bbox 1780 1783 2147 1856; x_wconf 82' lang='lat' dir='ltr'><strong>pestilentiae</strong></span> <span class='ocrx_word' id='word_1_77' title='bbox 2189 1783 2322 1857; x_wconf 83' lang='lat' dir='ltr'><strong>legi.</strong></span> <span class='ocrx_word' id='word_1_78' title='bbox 2537 1848 2548 1855; x_wconf 22' lang='lat'>³</span> 
     </span>
    </p>

    <p class='ocr_par' dir='ltr' id='par_1_7' title="bbox 1050 1868 2589 2285">
     <span class='ocr_line' id='line_1_14' title="bbox 1050 1868 2562 1944; baseline 0.001 -18"><span class='ocrx_word' id='word_1_79' title='bbox 1050 1869 1231 1926; x_wconf 82' lang='lat' dir='ltr'><strong>10Hic</strong></span> <span class='ocrx_word' id='word_1_80' title='bbox 1274 1884 1369 1926; x_wconf 89' lang='lat' dir='ltr'><strong>me</strong></span> <span class='ocrx_word' id='word_1_81' title='bbox 1413 1869 1657 1944; x_wconf 85' lang='lat' dir='ltr'><strong>gravido</strong></span> <span class='ocrx_word' id='word_1_82' title='bbox 1704 1868 1915 1942; x_wconf 81' lang='lat' dir='ltr'><strong>frigida</strong></span> <span class='ocrx_word' id='word_1_83' title='bbox 1961 1875 2019 1926; x_wconf 89' lang='lat' dir='ltr'><strong>et</strong></span> <span class='ocrx_word' id='word_1_84' title='bbox 2063 1870 2339 1943; x_wconf 74' lang='lat' dir='ltr'><strong>frequens</strong></span> <span class='ocrx_word' id='word_1_85' title='bbox 2385 1869 2562 1927; x_wconf 87' lang='lat' dir='ltr'><strong>tussis</strong></span> 
     </span>
     <span class='ocr_line' id='line_1_15' title="bbox 1130 1954 2589 2029; baseline 0.001 -18"><span class='ocrx_word' id='word_1_86' title='bbox 1130 1955 1441 2023; x_wconf 85' lang='lat' dir='ltr'><strong>Quassavit</strong></span> <span class='ocrx_word' id='word_1_87' title='bbox 1484 1970 1674 2028; x_wconf 87' lang='lat' dir='ltr'><strong>usque</strong></span> <span class='ocrx_word' id='word_1_88' title='bbox 1722 1954 1864 2012; x_wconf 85' lang='lat' dir='ltr'><strong>dum</strong></span> <span class='ocrx_word' id='word_1_89' title='bbox 1908 1954 1966 2013; x_wconf 93' lang='lat' dir='ltr'><strong>in</strong></span> <span class='ocrx_word' id='word_1_90' title='bbox 2014 1963 2181 2014; x_wconf 91' lang='lat' dir='ltr'><strong>tuum</strong></span> <span class='ocrx_word' id='word_1_91' title='bbox 2226 1955 2422 2014; x_wconf 88' lang='lat' dir='ltr'><strong>sinum</strong></span> <span class='ocrx_word' id='word_1_92' title='bbox 2468 1955 2589 2029; x_wconf 82' lang='lat' dir='ltr'><strong>fugi</strong></span> 
     </span>
     <span class='ocr_line' id='line_1_16' title="bbox 1127 2040 2285 2113; baseline 0 -15"><span class='ocrx_word' id='word_1_93' title='bbox 1127 2040 1198 2098; x_wconf 87' lang='lat' dir='ltr'><strong>Et</strong></span> <span class='ocrx_word' id='word_1_94' title='bbox 1243 2056 1337 2099; x_wconf 86' lang='lat' dir='ltr'><strong>me</strong></span> <span class='ocrx_word' id='word_1_95' title='bbox 1380 2041 1646 2098; x_wconf 76' lang='lat' dir='ltr'><strong>recuravi</strong></span> <span class='ocrx_word' id='word_1_96' title='bbox 1694 2041 1933 2113; x_wconf 86' lang='lat' dir='ltr'><strong>otioque</strong></span> <span class='ocrx_word' id='word_1_97' title='bbox 1979 2048 2037 2099; x_wconf 87' lang='lat' dir='ltr'><strong>et</strong></span> <span class='ocrx_word' id='word_1_98' title='bbox 2082 2041 2285 2098; x_wconf 83' lang='lat' dir='ltr'><strong>urtica.</strong></span> 
     </span>
     <span class='ocr_line' id='line_1_17' title="bbox 1128 2126 2341 2200; baseline 0.001 -18"><span class='ocrx_word' id='word_1_99' title='bbox 1128 2126 1324 2193; x_wconf 82' lang='lat' dir='ltr'><strong>Quare</strong></span> <span class='ocrx_word' id='word_1_100' title='bbox 1368 2127 1625 2186; x_wconf 82' lang='lat' dir='ltr'><strong>resectus</strong></span> <span class='ocrx_word' id='word_1_101' title='bbox 1668 2126 1954 2184; x_wconf 85' lang='lat' dir='ltr'><strong>maximas</strong></span> <span class='ocrx_word' id='word_1_102' title='bbox 1999 2127 2102 2185; x_wconf 90' lang='lat' dir='ltr'><strong>tibi</strong></span> <span class='ocrx_word' id='word_1_103' title='bbox 2147 2134 2341 2200; x_wconf 84' lang='lat' dir='ltr'><strong>grates</strong></span> 
     </span>
     <span class='ocr_line' id='line_1_18' title="bbox 1125 2210 2537 2285; baseline 0.004 -19"><span class='ocrx_word' id='word_1_104' title='bbox 1125 2210 1273 2284; x_wconf 85' lang='lat' dir='ltr'><strong>Ago,</strong></span> <span class='ocrx_word' id='word_1_105' title='bbox 1319 2228 1516 2270; x_wconf 89' lang='lat' dir='ltr'><strong>meum</strong></span> <span class='ocrx_word' id='word_1_106' title='bbox 1563 2212 1724 2283; x_wconf 89' lang='lat' dir='ltr'><strong>quod</strong></span> <span class='ocrx_word' id='word_1_107' title='bbox 1770 2227 1887 2268; x_wconf 94' lang='lat' dir='ltr'><strong>non</strong></span> <span class='ocrx_word' id='word_1_108' title='bbox 1935 2228 1997 2268; x_wconf 90' lang='lat' dir='ltr'><strong>es</strong></span> <span class='ocrx_word' id='word_1_109' title='bbox 2042 2212 2164 2269; x_wconf 89' lang='lat' dir='ltr'><strong>ulta</strong></span> <span class='ocrx_word' id='word_1_110' title='bbox 2206 2219 2537 2285; x_wconf 83' lang='lat' dir='ltr'><strong>peceatum.</strong></span> 
     </span>
    </p>

    <p class='ocr_par' dir='ltr' id='par_1_8' title="bbox 1048 2295 2694 2627">
     <span class='ocr_line' id='line_1_19' title="bbox 1048 2295 2378 2369; baseline 0.002 -17"><span class='ocrx_word' id='word_1_111' title='bbox 1048 2306 1098 2345; x_wconf 82' lang='lat'><strong>15</strong></span> <span class='ocrx_word' id='word_1_112' title='bbox 1123 2295 1241 2353; x_wconf 88' lang='lat' dir='ltr'><strong>Nee</strong></span> <span class='ocrx_word' id='word_1_113' title='bbox 1286 2297 1572 2369; x_wconf 82' lang='lat' dir='ltr'><strong>deprecor</strong></span> <span class='ocrx_word' id='word_1_114' title='bbox 1615 2296 1755 2365; x_wconf 87' lang='lat' dir='ltr'><strong>iam,</strong></span> <span class='ocrx_word' id='word_1_115' title='bbox 1799 2296 1850 2353; x_wconf 88' lang='lat' dir='ltr'><strong>si</strong></span> <span class='ocrx_word' id='word_1_116' title='bbox 1895 2296 2119 2352; x_wconf 83' lang='lat' dir='ltr'><strong>nefaria</strong></span> <span class='ocrx_word' id='word_1_117' title='bbox 2162 2297 2378 2368; x_wconf 87' lang='lat' dir='ltr'><strong>scripta</strong></span> 
     </span>
     <span class='ocr_line' id='line_1_20' title="bbox 1129 2379 2561 2454; baseline 0.002 -16"><span class='ocrx_word' id='word_1_118' title='bbox 1129 2381 1281 2438; x_wconf 86' lang='lat' dir='ltr'><strong>Sesti</strong></span> <span class='ocrx_word' id='word_1_119' title='bbox 1326 2395 1592 2454; x_wconf 85' lang='lat' dir='ltr'><strong>reeepso‚</strong></span> <span class='ocrx_word' id='word_1_120' title='bbox 1641 2380 1782 2451; x_wconf 86' lang='lat' dir='ltr'><strong>quin</strong></span> <span class='ocrx_word' id='word_1_121' title='bbox 1828 2379 2206 2453; x_wconf 85' lang='lat' dir='ltr'><strong>gravedinem</strong></span> <span class='ocrx_word' id='word_1_122' title='bbox 2253 2388 2312 2439; x_wconf 87' lang='lat' dir='ltr'><strong>et</strong></span> <span class='ocrx_word' id='word_1_123' title='bbox 2351 2384 2561 2441; x_wconf 89' lang='lat' dir='ltr'><strong>tussim</strong></span> 
     </span>
     <span class='ocr_line' id='line_1_21' title="bbox 1127 2463 2448 2540; baseline 0.003 -18"><span class='ocrx_word' id='word_1_124' title='bbox 1127 2465 1252 2522; x_wconf 90' lang='lat' dir='ltr'><strong>Non</strong></span> <span class='ocrx_word' id='word_1_125' title='bbox 1301 2466 1461 2537; x_wconf 87' lang='lat' dir='ltr'><strong>mihi,</strong></span> <span class='ocrx_word' id='word_1_126' title='bbox 1509 2465 1614 2523; x_wconf 90' lang='lat' dir='ltr'><strong>sed</strong></span> <span class='ocrx_word' id='word_1_127' title='bbox 1659 2463 1769 2537; x_wconf 90' lang='lat' dir='ltr'><strong>ipsi</strong></span> <span class='ocrx_word' id='word_1_128' title='bbox 1816 2465 2006 2524; x_wconf 90' lang='lat' dir='ltr'><strong>Sestio</strong></span> <span class='ocrx_word' id='word_1_129' title='bbox 2051 2466 2200 2524; x_wconf 87' lang='lat' dir='ltr'><strong>ferat</strong></span> <span class='ocrx_word' id='word_1_130' title='bbox 2243 2467 2448 2540; x_wconf 81' lang='lat' dir='ltr'><strong>friguS‚</strong></span> 
     </span>
     <span class='ocr_line' id='line_1_22' title="bbox 1129 2550 2694 2627; baseline 0.004 -20"><span class='ocrx_word' id='word_1_131' title='bbox 1129 2550 1239 2619; x_wconf 81' lang='lat' dir='ltr'><strong>Qui</strong></span> <span class='ocrx_word' id='word_1_132' title='bbox 1285 2559 1426 2609; x_wconf 87' lang='lat' dir='ltr'><strong>tune</strong></span> <span class='ocrx_word' id='word_1_133' title='bbox 1473 2556 1643 2610; x_wconf 89' lang='lat' dir='ltr'><strong>voeat</strong></span> <span class='ocrx_word' id='word_1_134' title='bbox 1686 2565 1799 2622; x_wconf 83' lang='lat' dir='ltr'><strong>me,</strong></span> <span class='ocrx_word' id='word_1_135' title='bbox 1849 2566 1983 2609; x_wconf 90' lang='lat' dir='ltr'><strong>eum</strong></span> <span class='ocrx_word' id='word_1_136' title='bbox 2030 2552 2249 2610; x_wconf 89' lang='lat' dir='ltr'><strong>malum</strong></span> <span class='ocrx_word' id='word_1_137' title='bbox 2294 2551 2509 2612; x_wconf 88' lang='lat' dir='ltr'><strong>librum</strong></span> <span class='ocrx_word' id='word_1_138' title='bbox 2556 2554 2694 2627; x_wconf 84' lang='lat' dir='ltr'><strong>legi.</strong></span> 
     </span>
    </p>
   </div>
   <div class='ocr_carea' id='block_1_3' title="bbox 1046 2737 2443 3443">
    <p class='ocr_par' dir='ltr' id='par_1_9' title="bbox 1128 2737 2185 2845">
     <span class='ocr_line' id='line_1_23' title="bbox 1128 2737 2185 2845; baseline 0 -17"><span class='ocrx_word' id='word_1_139' title='bbox 1128 2737 1360 2829; x_wconf 74' lang='lat' dir='ltr'><strong>Acmen</strong></span> <span class='ocrx_word' id='word_1_140' title='bbox 1408 2771 1725 2845; x_wconf 90' lang='lat' dir='ltr'><strong>Septimius</strong></span> <span class='ocrx_word' id='word_1_141' title='bbox 1769 2785 1910 2829; x_wconf 88' lang='lat' dir='ltr'><strong>suos</strong></span> <span class='ocrx_word' id='word_1_142' title='bbox 1955 2785 2185 2829; x_wconf 86' lang='lat' dir='ltr'><strong>amores</strong></span> 
     </span>
    </p>

    <p class='ocr_par' dir='ltr' id='par_1_10' title="bbox 1046 2844 2443 3273">
     <span class='ocr_line' id='line_1_24' title="bbox 1046 2844 2443 2929; baseline -0.001 -14"><span class='ocrx_word' id='word_1_143' title='bbox 1046 2861 1098 2908; x_wconf 72' lang='grc' dir='ltr'><strong>’ω</strong></span> <span class='ocrx_word' id='word_1_144' title='bbox 1124 2860 1354 2915; x_wconf 90' lang='lat' dir='ltr'><strong>Tenens</strong></span> <span class='ocrx_word' id='word_1_145' title='bbox 1398 2858 1457 2913; x_wconf 91' lang='lat' dir='ltr'><strong>in</strong></span> <span class='ocrx_word' id='word_1_146' title='bbox 1504 2857 1729 2929; x_wconf 82' lang='lat' dir='ltr'><strong>gremio</strong></span> <span class='ocrx_word' id='word_1_147' title='bbox 1767 2844 1943 2914; x_wconf 85' lang='lat' dir='ltr'><strong>‘mea&#39;</strong></span> <span class='ocrx_word' id='word_1_148' title='bbox 1991 2857 2181 2929; x_wconf 88' lang='lat' dir='ltr'><strong>inquit</strong></span> <span class='ocrx_word' id='word_1_149' title='bbox 2217 2845 2443 2927; x_wconf 80' lang='lat' dir='ltr'><strong>‘Ae1ne‚</strong></span> 
     </span>
     <span class='ocr_line' id='line_1_25' title="bbox 1129 2942 2443 3016; baseline 0.003 -16"><span class='ocrx_word' id='word_1_150' title='bbox 1129 2943 1195 3000; x_wconf 90' lang='lat' dir='ltr'><strong>Ni</strong></span> <span class='ocrx_word' id='word_1_151' title='bbox 1239 2949 1297 2999; x_wconf 89' lang='lat' dir='ltr'><strong>te</strong></span> <span class='ocrx_word' id='word_1_152' title='bbox 1340 2942 1568 3015; x_wconf 87' lang='lat' dir='ltr'><strong>perdite</strong></span> <span class='ocrx_word' id='word_1_153' title='bbox 1611 2956 1743 3000; x_wconf 88' lang='lat' dir='ltr'><strong>amo</strong></span> <span class='ocrx_word' id='word_1_154' title='bbox 1790 2948 1968 3015; x_wconf 88' lang='lat' dir='ltr'><strong>atque</strong></span> <span class='ocrx_word' id='word_1_155' title='bbox 2011 2957 2210 3000; x_wconf 83' lang='lat' dir='ltr'><strong>amare</strong></span> <span class='ocrx_word' id='word_1_156' title='bbox 2255 2957 2443 3016; x_wconf 73' lang='lat' dir='ltr'><strong>porro,</strong></span> 
     </span>
     <span class='ocr_line' id='line_1_26' title="bbox 1130 3017 2370 3110; baseline -0.002 -22"><span class='ocrx_word' id='word_1_157' title='bbox 1130 3030 1348 3088; x_wconf 89' lang='lat' dir='ltr'><strong>Omnes</strong></span> <span class='ocrx_word' id='word_1_158' title='bbox 1390 3043 1523 3110; x_wconf 59' lang='lat' dir='ltr'><strong>supi</strong></span> <span class='ocrx_word' id='word_1_159' title='bbox 1569 3027 1806 3086; x_wconf 90' lang='lat' dir='ltr'><strong>assidue</strong></span> <span class='ocrx_word' id='word_1_160' title='bbox 1852 3035 2092 3101; x_wconf 80' lang='lat' dir='ltr'><strong>paratus</strong></span> <span class='ocrx_word' id='word_1_161' title='bbox 2137 3044 2325 3086; x_wconf 88' lang='lat' dir='ltr'><strong>annos</strong></span> <span class='ocrx_word' id='word_1_162' title='bbox 2363 3017 2370 3026; x_wconf 73' lang='grc'><em>’</em></span> 
     </span>
     <span class='ocr_line' id='line_1_27' title="bbox 1126 3113 2375 3189; baseline 0.003 -19"><span class='ocrx_word' id='word_1_163' title='bbox 1126 3114 1424 3181; x_wconf 81' lang='lat' dir='ltr'><strong>Quantum</strong></span> <span class='ocrx_word' id='word_1_164' title='bbox 1470 3114 1570 3187; x_wconf 90' lang='lat' dir='ltr'><strong>qui</strong></span> <span class='ocrx_word' id='word_1_165' title='bbox 1616 3120 1755 3187; x_wconf 86' lang='lat' dir='ltr'><strong>pote</strong></span> <span class='ocrx_word' id='word_1_166' title='bbox 1801 3113 2120 3188; x_wconf 88' lang='lat' dir='ltr'><strong>plurimum</strong></span> <span class='ocrx_word' id='word_1_167' title='bbox 2165 3116 2375 3189; x_wconf 85' lang='lat' dir='ltr'><strong>perire,</strong></span> 
     </span>
     <span class='ocr_line' id='line_1_28' title="bbox 1125 3199 2154 3273; baseline 0.001 -17"><span class='ocrx_word' id='word_1_168' title='bbox 1125 3199 1299 3256; x_wconf 91' lang='lat' dir='ltr'><strong>Solus</strong></span> <span class='ocrx_word' id='word_1_169' title='bbox 1342 3199 1400 3256; x_wconf 92' lang='lat' dir='ltr'><strong>in</strong></span> <span class='ocrx_word' id='word_1_170' title='bbox 1448 3200 1630 3273; x_wconf 80' lang='lat' dir='ltr'><strong>Libya</strong></span> <span class='ocrx_word' id='word_1_171' title='bbox 1673 3200 1957 3272; x_wconf 86' lang='lat' dir='ltr'><strong>Indiaque</strong></span> <span class='ocrx_word' id='word_1_172' title='bbox 2000 3207 2154 3258; x_wconf 87' lang='lat' dir='ltr'><strong>tosta</strong></span> 
     </span>
    </p>

    <p class='ocr_par' dir='ltr' id='par_1_11' title="bbox 1046 3275 2403 3443">
     <span class='ocr_line' id='line_1_29' title="bbox 1046 3275 2104 3343; baseline 0 -2"><span class='ocrx_word' id='word_1_173' title='bbox 1046 3297 1096 3335; x_wconf 83' lang='lat'><strong>2⁵</strong></span> <span class='ocrx_word' id='word_1_174' title='bbox 1126 3284 1331 3342; x_wconf 88' lang='lat' dir='ltr'><strong>Caesio</strong></span> <span class='ocrx_word' id='word_1_175' title='bbox 1377 3284 1608 3342; x_wconf 88' lang='lat' dir='ltr'><strong>veniam</strong></span> <span class='ocrx_word' id='word_1_176' title='bbox 1655 3285 1864 3343; x_wconf 84' lang='lat' dir='ltr'><strong>obvius</strong></span> <span class='ocrx_word' id='word_1_177' title='bbox 1910 3275 2104 3343; x_wconf 76' lang='lat' dir='ltr'><strong>leoni.³</strong></span> 
     </span>
     <span class='ocr_line' id='line_1_30' title="bbox 1127 3368 2403 3443; baseline 0.002 -15"><span class='ocrx_word' id='word_1_178' title='bbox 1127 3370 1252 3428; x_wconf 91' lang='lat' dir='ltr'><strong>Hoe</strong></span> <span class='ocrx_word' id='word_1_179' title='bbox 1298 3377 1361 3427; x_wconf 89' lang='lat' dir='ltr'><strong>ut</strong></span> <span class='ocrx_word' id='word_1_180' title='bbox 1407 3369 1570 3442; x_wconf 86' lang='lat' dir='ltr'><strong>dixit,</strong></span> <span class='ocrx_word' id='word_1_181' title='bbox 1617 3369 1816 3440; x_wconf 82' lang='lat' dir='ltr'><strong>Amor,</strong></span> <span class='ocrx_word' id='word_1_182' title='bbox 1858 3368 2094 3429; x_wconf 89' lang='lat' dir='ltr'><strong>sinistra</strong></span> <span class='ocrx_word' id='word_1_183' title='bbox 2139 3378 2204 3428; x_wconf 89' lang='lat' dir='ltr'><strong>ut</strong></span> <span class='ocrx_word' id='word_1_184' title='bbox 2248 3379 2403 3443; x_wconf 88' lang='lat' dir='ltr'><strong>ante,</strong></span> 
     </span>
    </p>
   </div>
   <div class='ocr_carea' id='block_1_4' title="bbox 1097 3550 2315 3616">
    <p class='ocr_par' dir='ltr' id='par_1_12' title="bbox 1097 3550 2315 3616">
     <span class='ocr_line' id='line_1_31' title="bbox 1097 3550 2315 3616; baseline -0.001 -10"><span class='ocrx_word' id='word_1_185' title='bbox 1097 3553 1184 3616; x_wconf 84' lang='lat'><strong>22,</strong></span> <span class='ocrx_word' id='word_1_186' title='bbox 1220 3564 1283 3602; x_wconf 81' lang='grc'><strong>29.</strong></span> <span class='ocrx_word' id='word_1_187' title='bbox 1322 3554 1573 3604; x_wconf 80' lang='lat' dir='ltr'><strong>autumat</strong></span> <span class='ocrx_word' id='word_1_188' title='bbox 1612 3550 1675 3603; x_wconf 87' lang='lat' dir='ltr'><strong>L.</strong></span> <span class='ocrx_word' id='word_1_189' title='bbox 1821 3565 1883 3603; x_wconf 83' lang='lat'><strong><em>30.</em></strong></span> <span class='ocrx_word' id='word_1_190' title='bbox 1924 3554 2013 3605; x_wconf 84' lang='lat' dir='ltr'><strong>est</strong></span> <span class='ocrx_word' id='word_1_191' title='bbox 2050 3551 2206 3606; x_wconf 88' lang='lat' dir='ltr'><strong>cordi</strong></span> <span class='ocrx_word' id='word_1_192' title='bbox 2245 3556 2315 3605; x_wconf 91' lang='lat' dir='ltr'><strong>D.</strong></span> 
     </span>
    </p>
   </div>
   <div class='ocr_carea' id='block_1_5' title="bbox 954 3637 3072 4342">
    <p class='ocr_par' dir='ltr' id='par_1_13' title="bbox 956 3637 3068 3846">
     <span class='ocr_line' id='line_1_32' title="bbox 1097 3637 3067 3712; baseline 0.004 -25"><span class='ocrx_word' id='word_1_193' title='bbox 1097 3641 1184 3703; x_wconf 85' lang='lat'><strong>23,</strong></span> <span class='ocrx_word' id='word_1_194' title='bbox 1224 3651 1261 3688; x_wconf 97' lang='lat'><strong><em>1.</em></strong></span> <span class='ocrx_word' id='word_1_195' title='bbox 1303 3637 1481 3691; x_wconf 83' lang='lat' dir='ltr'><strong>sabini</strong></span> <span class='ocrx_word' id='word_1_196' title='bbox 1524 3638 1795 3708; x_wconf 85' lang='lat' dir='ltr'><strong>pignioris</strong></span> <span class='ocrx_word' id='word_1_197' title='bbox 1835 3640 1904 3690; x_wconf 92' lang='lat' dir='ltr'><strong>D.</strong></span> <span class='ocrx_word' id='word_1_198' title='bbox 2030 3653 2069 3690; x_wconf 89' lang='lat'><strong><em>2.</em></strong></span> <span class='ocrx_word' id='word_1_199' title='bbox 2111 3640 2230 3694; x_wconf 85' lang='lat' dir='ltr'><strong>sive</strong></span> <span class='ocrx_word' id='word_1_200' title='bbox 2268 3642 2343 3693; x_wconf 86' lang='lat' dir='ltr'><strong><em>L.-</em></strong></span> <span class='ocrx_word' id='word_1_201' title='bbox 2382 3659 2482 3695; x_wconf 83' lang='lat' dir='ltr'><strong>seu</strong></span> <span class='ocrx_word' id='word_1_202' title='bbox 2517 3644 2588 3694; x_wconf 86' lang='lat' dir='ltr'><strong><em>D.</em></strong></span> <span class='ocrx_word' id='word_1_203' title='bbox 2715 3655 2755 3694; x_wconf 81' lang='lat'><strong><em>4.</em></strong></span> <span class='ocrx_word' id='word_1_204' title='bbox 2793 3642 3067 3712; x_wconf 84' lang='lat' dir='ltr'><strong>aliamque</strong></span> 
     </span>
     <span class='ocr_line' id='line_1_33' title="bbox 956 3708 3068 3780; baseline 0.001 -18"><span class='ocrx_word' id='word_1_205' title='bbox 956 3711 1076 3762; x_wconf 88' lang='lat' dir='ltr'><strong><em>DL.</em></strong></span> <span class='ocrx_word' id='word_1_206' title='bbox 1172 3708 1439 3779; x_wconf 83' lang='lat' dir='ltr'><strong>expulsus</strong></span> <span class='ocrx_word' id='word_1_207' title='bbox 1479 3709 1582 3762; x_wconf 82' lang='lat' dir='ltr'><strong>sim</strong></span> <span class='ocrx_word' id='word_1_208' title='bbox 1608 3710 1671 3774; x_wconf 89' lang='lat' dir='ltr'><strong>L,</strong></span> <span class='ocrx_word' id='word_1_209' title='bbox 1712 3709 1980 3780; x_wconf 79' lang='lat' dir='ltr'><strong>expulsus</strong></span> <span class='ocrx_word' id='word_1_210' title='bbox 2020 3726 2137 3764; x_wconf 81' lang='lat' dir='ltr'><strong>sum</strong></span> <span class='ocrx_word' id='word_1_211' title='bbox 2165 3714 2233 3763; x_wconf 88' lang='lat' dir='ltr'><strong><em>D.</em></strong></span> <span class='ocrx_word' id='word_1_212' title='bbox 2329 3725 2368 3762; x_wconf 85' lang='lat'><strong><em>5.</em></strong></span> <span class='ocrx_word' id='word_1_213' title='bbox 2407 3729 2563 3767; x_wconf 83' lang='lat' dir='ltr'><strong>mens</strong></span> <span class='ocrx_word' id='word_1_214' title='bbox 2603 3717 2789 3766; x_wconf 87' lang='lat' dir='ltr'><strong>vertur</strong></span> <span class='ocrx_word' id='word_1_215' title='bbox 2811 3714 2874 3776; x_wconf 91' lang='lat' dir='ltr'><strong>L,</strong></span> <span class='ocrx_word' id='word_1_216' title='bbox 2914 3729 3068 3765; x_wconf 80' lang='lat' dir='ltr'><strong>mens</strong></span> 
     </span>
     <span class='ocr_line' id='line_1_34' title="bbox 956 3780 3068 3846; baseline 0 -13"><span class='ocrx_word' id='word_1_217' title='bbox 956 3781 1131 3833; x_wconf 80' lang='lat' dir='ltr'><strong>virtus</strong></span> <span class='ocrx_word' id='word_1_218' title='bbox 1169 3782 1238 3830; x_wconf 88' lang='lat' dir='ltr'><strong>D.</strong></span> <span class='ocrx_word' id='word_1_219' title='bbox 1277 3781 1509 3832; x_wconf 78' lang='lat' dir='ltr'><strong>correxit</strong></span> <span class='ocrx_word' id='word_1_220' title='bbox 1540 3780 1806 3832; x_wconf 81' lang='lat' dir='ltr'><strong>Faernus.</strong></span> <span class='ocrx_word' id='word_1_221' title='bbox 1905 3792 1943 3829; x_wconf 85' lang='lat'><strong><em>7.</em></strong></span> <span class='ocrx_word' id='word_1_222' title='bbox 1981 3781 2223 3834; x_wconf 83' lang='lat' dir='ltr'><strong>convivii</strong></span> <span class='ocrx_word' id='word_1_223' title='bbox 2262 3784 2330 3846; x_wconf 91' lang='lat' dir='ltr'><strong>D,</strong></span> <span class='ocrx_word' id='word_1_224' title='bbox 2371 3783 2624 3836; x_wconf 84' lang='lat' dir='ltr'><strong>convivis</strong></span> <span class='ocrx_word' id='word_1_225' title='bbox 2658 3783 3068 3836; x_wconf 64' lang='lat' dir='ltr'><strong>Riccardianus.</strong></span> 
     </span>
    </p>

    <p class='ocr_par' dir='ltr' id='par_1_14' title="bbox 954 3849 3072 4342">
     <span class='ocr_line' id='line_1_35' title="bbox 1024 3849 3068 3923; baseline 0.002 -22"><span class='ocrx_word' id='word_1_226' title='bbox 1024 3864 1063 3902; x_wconf 84' lang='lat'><strong><em>8.</em></strong></span> <span class='ocrx_word' id='word_1_227' title='bbox 1090 3849 1410 3903; x_wconf 82' lang='lat' dir='ltr'><strong>minantium</strong></span> <span class='ocrx_word' id='word_1_228' title='bbox 1437 3849 1737 3920; x_wconf 81' lang='lat' dir='ltr'><strong>petitorum</strong></span> <span class='ocrx_word' id='word_1_229' title='bbox 1767 3851 1886 3902; x_wconf 94' lang='lat' dir='ltr'><strong><em>DL.</em></strong></span> <span class='ocrx_word' id='word_1_230' title='bbox 1926 3854 2152 3903; x_wconf 79' lang='lat' dir='ltr'><strong>correxit</strong></span> <span class='ocrx_word' id='word_1_231' title='bbox 2177 3852 2398 3905; x_wconf 69' lang='lat' dir='ltr'><strong>Statius.</strong></span> <span class='ocrx_word' id='word_1_232' title='bbox 2437 3855 2493 3906; x_wconf 89' lang='lat' dir='ltr'><strong>in</strong></span> <span class='ocrx_word' id='word_1_233' title='bbox 2520 3853 2744 3906; x_wconf 85' lang='lat' dir='ltr'><strong>Aetium</strong></span> <span class='ocrx_word' id='word_1_234' title='bbox 2775 3854 3068 3923; x_wconf 80' lang='lat' dir='ltr'><strong>petitorem</strong></span> 
     </span>
     <span class='ocr_line' id='line_1_36' title="bbox 960 3919 2927 3987; baseline 0.001 -14"><span class='ocrx_word' id='word_1_235' title='bbox 960 3921 1106 3975; x_wconf 81' lang='lat' dir='ltr'><strong>Itali.</strong></span> <span class='ocrx_word' id='word_1_236' title='bbox 1260 3932 1319 3970; x_wconf 90' lang='lat'><strong><em>10.</em></strong></span> <span class='ocrx_word' id='word_1_237' title='bbox 1358 3919 1603 3987; x_wconf 81' lang='lat' dir='ltr'><strong>gravedo</strong></span> <span class='ocrx_word' id='word_1_238' title='bbox 1641 3922 1705 3971; x_wconf 92' lang='lat' dir='ltr'><strong>L.</strong></span> <span class='ocrx_word' id='word_1_239' title='bbox 1870 3932 1929 3971; x_wconf 93' lang='lat'><strong><em>11.</em></strong></span> <span class='ocrx_word' id='word_1_240' title='bbox 1969 3921 2146 3974; x_wconf 84' lang='lat' dir='ltr'><strong>sinum</strong></span> <span class='ocrx_word' id='word_1_241' title='bbox 2185 3926 2336 3975; x_wconf 82' lang='lat' dir='ltr'><strong>tuum</strong></span> <span class='ocrx_word' id='word_1_242' title='bbox 2377 3925 2445 3974; x_wconf 92' lang='lat' dir='ltr'><strong>D.</strong></span> <span class='ocrx_word' id='word_1_243' title='bbox 2598 3936 2661 3975; x_wconf 97' lang='lat'><strong><em>12.</em></strong></span> <span class='ocrx_word' id='word_1_244' title='bbox 2701 3925 2825 3977; x_wconf 87' lang='lat' dir='ltr'><strong>ocio</strong></span> <span class='ocrx_word' id='word_1_245' title='bbox 2865 3926 2927 3976; x_wconf 94' lang='lat' dir='ltr'><strong>L.</strong></span> 
     </span>
     <span class='ocr_line' id='line_1_37' title="bbox 956 3990 3067 4064; baseline 0.001 -22"><span class='ocrx_word' id='word_1_246' title='bbox 956 4005 1018 4043; x_wconf 85' lang='lat'><strong><em>16.</em></strong></span> <span class='ocrx_word' id='word_1_247' title='bbox 1059 3990 1274 4045; x_wconf 82' lang='lat' dir='ltr'><strong>Sestire</strong></span> <span class='ocrx_word' id='word_1_248' title='bbox 1315 3990 1541 4056; x_wconf 84' lang='lat' dir='ltr'><strong>(Sistire</strong></span> <span class='ocrx_word' id='word_1_249' title='bbox 1568 3994 1643 4058; x_wconf 91' lang='lat' dir='ltr'><strong>D)</strong></span> <span class='ocrx_word' id='word_1_250' title='bbox 1682 4006 1857 4059; x_wconf 85' lang='lat' dir='ltr'><strong>cepso</strong></span> <span class='ocrx_word' id='word_1_251' title='bbox 1887 3991 2007 4042; x_wconf 91' lang='lat' dir='ltr'><strong>DL.</strong></span> <span class='ocrx_word' id='word_1_252' title='bbox 2118 3992 2211 4061; x_wconf 89' lang='lat' dir='ltr'><strong>qui</strong></span> <span class='ocrx_word' id='word_1_253' title='bbox 2248 3994 2314 4057; x_wconf 91' lang='lat' dir='ltr'><strong>L,</strong></span> <span class='ocrx_word' id='word_1_254' title='bbox 2355 3994 2399 4046; x_wconf 83' lang='lat' dir='ltr'><strong>si</strong></span> <span class='ocrx_word' id='word_1_255' title='bbox 2441 3996 2511 4045; x_wconf 90' lang='lat' dir='ltr'><strong><em>D.</em></strong></span> <span class='ocrx_word' id='word_1_256' title='bbox 2619 4006 2681 4044; x_wconf 84' lang='lat'><strong><em>17.</em></strong></span> <span class='ocrx_word' id='word_1_257' title='bbox 2721 3995 2907 4064; x_wconf 77' lang='lat' dir='ltr'><strong>septio</strong></span> <span class='ocrx_word' id='word_1_258' title='bbox 2947 3994 3067 4057; x_wconf 92' lang='lat' dir='ltr'><strong>DL,</strong></span> 
     </span>
     <span class='ocr_line' id='line_1_38' title="bbox 957 4060 3069 4129; baseline -0 -13"><span class='ocrx_word' id='word_1_259' title='bbox 957 4063 1131 4116; x_wconf 79' lang='lat' dir='ltr'><strong>sertio</strong></span> <span class='ocrx_word' id='word_1_260' title='bbox 1170 4063 1583 4114; x_wconf 66' lang='lat' dir='ltr'><strong>Laurentianus.</strong></span> <span class='ocrx_word' id='word_1_261' title='bbox 1753 4074 1814 4110; x_wconf 86' lang='lat'><strong><em>18.</em></strong></span> <span class='ocrx_word' id='word_1_262' title='bbox 1856 4060 1993 4129; x_wconf 80' lang='lat' dir='ltr'><strong>legit</strong></span> <span class='ocrx_word' id='word_1_263' title='bbox 2027 4064 2160 4114; x_wconf 82' lang='lat' dir='ltr'><strong><em>DL.-</em></strong></span> <span class='ocrx_word' id='word_1_264' title='bbox 2198 4065 2341 4129; x_wconf 78' lang='lat' dir='ltr'><strong>quod</strong></span> <span class='ocrx_word' id='word_1_265' title='bbox 2378 4066 2601 4118; x_wconf 74' lang='lat' dir='ltr'><strong>correxi.</strong></span> <span class='ocrx_word' id='word_1_266' title='bbox 2761 4076 2823 4116; x_wconf 82' lang='lat'><strong><em>19.</em></strong></span> <span class='ocrx_word' id='word_1_267' title='bbox 2843 4068 3069 4118; x_wconf 60' lang='lat' dir='ltr'><strong>Acmen</strong></span> 
     </span>
     <span class='ocr_line' id='line_1_39' title="bbox 956 4132 2952 4203; baseline 0.001 -19"><span class='ocrx_word' id='word_1_268' title='bbox 956 4134 1350 4185; x_wconf 71' lang='lat' dir='ltr'><strong>Laurentianus</strong></span> <span class='ocrx_word' id='word_1_269' title='bbox 1389 4143 1437 4184; x_wconf 78' lang='lat' dir='ltr'><strong>ec</strong></span> <span class='ocrx_word' id='word_1_270' title='bbox 1475 4132 1891 4184; x_wconf 72' lang='lat' dir='ltr'><strong>Riccardianus:</strong></span> <span class='ocrx_word' id='word_1_271' title='bbox 1928 4132 2148 4199; x_wconf 79' lang='lat' dir='ltr'><strong>Agtnen</strong></span> <span class='ocrx_word' id='word_1_272' title='bbox 2183 4134 2302 4185; x_wconf 92' lang='lat' dir='ltr'><strong>DL.</strong></span> <span class='ocrx_word' id='word_1_273' title='bbox 2485 4134 2758 4203; x_wconf 72' lang='lat' dir='ltr'><strong>septimos</strong></span> <span class='ocrx_word' id='word_1_274' title='bbox 2797 4136 2919 4186; x_wconf 90' lang='lat' dir='ltr'><strong>DL.</strong></span> <span class='ocrx_word' id='word_1_275' title='bbox 2949 4153 2952 4156; x_wconf 94' lang='lat'>·</span> 
     </span>
     <span class='ocr_line' id='line_1_40' title="bbox 954 4202 3072 4274; baseline 0.003 -21"><span class='ocrx_word' id='word_1_276' title='bbox 954 4216 1018 4253; x_wconf 86' lang='lat'><strong><em>20.</em></strong></span> <span class='ocrx_word' id='word_1_277' title='bbox 1057 4219 1124 4256; x_wconf 81' lang='lat' dir='ltr'><strong>ae</strong></span> <span class='ocrx_word' id='word_1_278' title='bbox 1161 4218 1247 4255; x_wconf 89' lang='lat' dir='ltr'><strong>me</strong></span> <span class='ocrx_word' id='word_1_279' title='bbox 1284 4202 1685 4255; x_wconf 71' lang='lat' dir='ltr'><strong>Laurentianus</strong></span> <span class='ocrx_word' id='word_1_280' title='bbox 1724 4211 1773 4253; x_wconf 75' lang='lat' dir='ltr'><strong>el</strong></span> <span class='ocrx_word' id='word_1_281' title='bbox 1811 4203 2231 4269; x_wconf 71' lang='lat' dir='ltr'><strong>Riecardianm,</strong></span> <span class='ocrx_word' id='word_1_282' title='bbox 2270 4219 2430 4271; x_wconf 84' lang='lat' dir='ltr'><strong>agme</strong></span> <span class='ocrx_word' id='word_1_283' title='bbox 2469 4206 2591 4257; x_wconf 90' lang='lat' dir='ltr'><strong><em>DL.</em></strong></span> <span class='ocrx_word' id='word_1_284' title='bbox 2765 4217 2828 4256; x_wconf 83' lang='lat'><strong><em>21.</em></strong></span> <span class='ocrx_word' id='word_1_285' title='bbox 2864 4204 3072 4274; x_wconf 83' lang='lat' dir='ltr'><strong>perditi</strong></span> 
     </span>
     <span class='ocr_line' id='line_1_41' title="bbox 958 4273 2788 4342; baseline 0.001 -17"><span class='ocrx_word' id='word_1_286' title='bbox 958 4274 1380 4327; x_wconf 69' lang='lat' dir='ltr'><strong>Laurentianus.</strong></span> <span class='ocrx_word' id='word_1_287' title='bbox 1522 4285 1585 4323; x_wconf 84' lang='lat'><strong><em>23.</em></strong></span> <span class='ocrx_word' id='word_1_288' title='bbox 1625 4275 1820 4342; x_wconf 81' lang='lat' dir='ltr'><strong>potest</strong></span> <span class='ocrx_word' id='word_1_289' title='bbox 1855 4273 1975 4325; x_wconf 94' lang='lat' dir='ltr'><strong><em>DL.</em></strong></span> <span class='ocrx_word' id='word_1_290' title='bbox 2118 4286 2180 4325; x_wconf 77' lang='lat'><strong><em>26.</em></strong></span> <span class='ocrx_word' id='word_1_291' title='bbox 2220 4290 2407 4329; x_wconf 85' lang='lat' dir='ltr'><strong>amore</strong></span> <span class='ocrx_word' id='word_1_292' title='bbox 2446 4274 2682 4329; x_wconf 78' lang='lat' dir='ltr'><strong>sinixtra</strong></span> <span class='ocrx_word' id='word_1_293' title='bbox 2719 4277 2788 4328; x_wconf 92' lang='lat' dir='ltr'><strong><em>D.</em></strong></span> 
     </span>
    </p>
   </div>
  </div>
 </body>
</html>
