3364 5328
950 638 1365 708 OA'PULLUS
1402 653 1490 718 95,
1530 646 1740 716 6-97,
1779 662 1825 703 4.
2355 647 2434 711 77

580 832 892 904 Zmyrnam
939 844 1086 889 cana
1133 831 1232 889 diu
1278 829 1516 888 saecula
1557 829 1926 902 pervoluent.

495 916 568 976 At
610 915 812 974 Volusi
857 916 1100 975 annales
1146 917 1411 974 Paduam
1457 915 1786 973 morientur
1829 914 1904 971 ad
1948 913 2134 987 ipsam

580 1003 650 1060 Et
690 1002 854 1071 laxas
895 1002 1185 1062 scombris
1229 1015 1407 1074 saepe
1454 1000 1681 1059 dabunt
1724 998 1972 1058 tunicas,

413 1221 463 1261 15
491 1166 691 1267 Parva
737 1207 853 1264 mei
897 1206 1039 1264 mihi
1085 1205 1204 1263 sint
1246 1205 1408 1263 cordi
1453 1210 1837 1263 monumenta
1884 1246 1898 1260 .
1935 1246 1947 1261 .
1985 1247 1999 1261 .
2034 1221 2090 1261 .:

579 1292 653 1350 At
694 1291 952 1365 populus
998 1291 1223 1350 tumido
1270 1291 1523 1364 gaudeat
1568 1289 1935 1348 Antimacho,

498 1456 570 1554 Si
616 1496 930 1570 quicquam
969 1497 1151 1563 mutis
1197 1503 1427 1570 gratum
1472 1502 1854 1569 acceptumve
1896 1495 2179 1569 sepulcris

581 1581 864 1640 Accidere
910 1598 944 1638 a
988 1589 1214 1653 nostro,
1259 1581 1453 1652 Calve‚
1503 1582 1709 1640 dolore
1751 1587 1961 1655 potest,

496 1670 625 1738 Quo
675 1667 963 1726 desiderio
1010 1674 1238 1727 veteres
1283 1682 1640 1726 renovamus
1687 1682 1918 1725 amores

412 1767 467 1805 20
580 1752 770 1827 Atque
816 1753 956 1811 olim
1001 1754 1214 1812 missas
1255 1752 1466 1812 flemus
1509 1751 1815 1821 amicitiaS‚

494 1838 663 1897 Certe
705 1853 825 1897 non
872 1845 1035 1896 tanto
1080 1855 1241 1897 mors
1285 1839 1602 1897 immatura
1648 1836 1836 1894 dolori
1883 1845 1971 1895 est

578 1924 912 1995 Quintiliae,
961 1932 1248 1996 quantum
1289 1924 1507 1997 gaudet
1552 1937 1755 1980 amore
1799 1929 1923 1980 tuo.

492 2088 635 2188 Non
682 2127 788 2204 (ita
833 2143 928 2186 me
973 2127 1051 2186 dii
1098 2126 1320 2204 ament)
1368 2126 1686 2200 quicquam
1733 2127 1949 2185 referre
1994 2129 2214 2201 putavi,

576 2215 861 2274 Utrumne
907 2228 974 2272 os
1021 2228 1092 2271 an
1143 2213 1341 2272 culum
1389 2212 1702 2271 olfacerem
1748 2211 2013 2273 Aemilio.

412 2313 463 2352 25
491 2300 681 2358 Nihilo
726 2300 1006 2358 mundius
1052 2300 1185 2371 hoc,
1232 2299 1534 2372 nihiloque
1579 2299 1919 2358 inmundior
1962 2300 2077 2371 ille,

576 2386 793 2445 Verum
838 2386 1013 2444 etiam
1061 2376 1229 2444 culus
1274 2385 1553 2444 mundior
1597 2392 1654 2443 et
1697 2387 1934 2445 melior:

490 2472 635 2529 Nam
679 2472 808 2529 sine
855 2471 1129 2529 dentibus
1176 2477 1282 2532 est.
1338 2470 1434 2529 hic
1480 2471 1670 2529 dentis
1714 2472 2161 2546 sesquipedam,

579 2557 857 2631 Gingivas
903 2570 1043 2614 vero
1088 2556 1345 2629 ploxemi
1389 2555 1568 2614 habet
1610 2558 1843 2630 veteriS‚

492 2643 804 2703 Praeterea
850 2641 1060 2701 rictum
1110 2643 1346 2718 qualem
1393 2643 1660 2704 defessus
1706 2644 1765 2704 in
1812 2652 1977 2706 aestu

409 2740 461 2779 ³0
570 2729 834 2789 Meientis
880 2728 1077 2788 mulae
1122 2745 1354 2789 cunnus
1397 2729 1617 2790 hahere
1661 2733 1830 2790 solet.

364 2926 444 2987 73
495 2894 613 2990 flio
656 2934 833 2991 futuit
877 2935 1093 2991 multas
1140 2941 1197 2992 et
1241 2950 1306 2992 se
1353 2934 1486 2991 facit
1529 2949 1660 2992 esse
1706 2941 2039 3007 venustum,

576 3017 648 3075 Et
691 3032 811 3074 non
859 3018 1105 3090 pistrino
1149 3020 1401 3076 traditur
1446 3026 1623 3091 atque
1668 3014 1877 3076 asino?

494 3098 681 3166 Quem
720 3102 896 3173 siqua
940 3102 1188 3175 attingit,
1236 3117 1357 3161 non
1402 3102 1560 3161 illam
1607 3119 1784 3177 posse
1828 3112 2103 3177 putemus

578 3184 816 3261 Aegroti
863 3187 1062 3245 culum
1104 3186 1329 3261 lingere
1374 3184 1706 3247 carnificis?

388 3433 393 3436 .
460 3366 546 3431 72,
586 3379 650 3419 12.
689 3369 966 3423 Zmirnam
1006 3384 1149 3423 cana
1185 3368 1250 3435 L,
1288 3368 1531 3439 Zinyrna
1567 3370 1768 3425 incana
1804 3373 1873 3423 D.
2002 3376 2279 3442 pervoluit
2314 3381 2435 3433 DL.

314 3445 379 3487 13.
416 3437 662 3493 amnales
701 3440 771 3495 D.
896 3452 957 3491 15.
994 3439 1207 3494 laboris
1247 3442 1315 3491 D.
1355 3438 1568 3495 sodalis
1605 3442 1869 3494 Aventius
1906 3445 1963 3495 in
2001 3445 2127 3497 Δία.
2174 3457 2326 3503 1502.

317 3516 380 3555 16.
421 3508 737 3563 enthimaco
765 3511 829 3571 L,
862 3510 1168 3563 enthimare
1195 3512 1266 3562 D.
1375 3522 1436 3562 1⁷.
1476 3512 1549 3565 Di
1575 3513 1645 3565 D.
1744 3517 1802 3567 et
1839 3518 2053 3583 gratum
2080 3517 2144 3566 L.
2239 3530 2299 3575 18.
2328 3523 2434 3575 Ac-

318 3575 505 3646 cipere
542 3581 612 3631 D.
723 3580 866 3633 calle
905 3582 975 3636 D.
1082 3585 1144 3633 26.
1187 3579 1334 3634 Orco
1372 3597 1586 3637 mersas
1610 3584 1904 3651 Hauptius.
2013 3599 2074 3637 21.
2116 3587 2308 3643 dolore
2347 3596 2438 3645 est

315 3646 377 3710 L,
417 3648 577 3702 dolor
615 3653 704 3702 est
738 3651 1151 3706 Laurentianus.
1295 3663 1358 3701 22.
1398 3656 1602 3721 quanto
1644 3656 1714 3710 D.
1857 3669 1920 3708 23.
1958 3657 2223 3727 quicquid
2261 3662 2326 3715 L.

313 3728 377 3766 24.
414 3717 612 3772 Utrum
652 3735 716 3773 os
755 3721 875 3777 DL.
999 3732 1063 3773 25.
1096 3720 1249 3775 Nihil
1287 3740 1471 3790 mat-90
1511 3724 1575 3773 L.
1710 3726 1962 3781 mundior
1996 3730 2067 3791 D,
2106 3729 2435 3786 immundior

315 3797 492 3857 marqo
529 3789 590 3840 L.
718 3791 1002 3860 nihiloque
1039 3810 1221 3861 mar-90
1257 3792 1334 3843 L.-
1373 3792 1544 3846 nihilo
1582 3796 1653 3858 D,
1693 3795 1972 3866 nobisque
2011 3798 2074 3853 L.
2203 3802 2430 3855 immun-

315 3855 439 3912 dius
478 3860 544 3911 L.
686 3859 783 3913 illo
821 3864 892 3926 D,
932 3880 996 3915 ex
1032 3881 1132 3929 quo
1154 3864 1273 3931 feci
1310 3861 1432 3915 ille:
1472 3862 1607 3916 illud
1645 3866 1711 3920 L.
1851 3878 1915 3918 27.
1953 3867 2059 3921 hos
2090 3881 2212 3935 poet
2250 3872 2433 3926 dentis

315 3928 428 3979 add
463 3930 550 3993 D,-
574 3944 638 3982 os
675 3931 1086 3987 Riecardianm.
1194 3932 1614 4003 sexquipedalie
1649 3936 1720 3998 D,
1759 3952 1999 4006 seseque
2038 3937 2256 3994 dedalis
2296 3944 2361 3996 L.

313 4008 378 4049 28.
418 3997 662 4067 ploxemi
698 4003 784 4054 vel
807 4001 1036 4072 ploxeni
1072 4006 1219 4072 apud
1251 4003 1585 4065 Quinctilium
1624 4006 1747 4059 inst.
1795 4017 1836 4064 1,
1870 4017 1916 4066 5,
1947 4017 1994 4059 8.
2012 4026 2067 4073 p.
2097 4020 2179 4075 53,
2219 4012 2430 4081 ploxini

314 4069 373 4120 in
397 4069 603 4137 fraqm.
631 4069 778 4124 Festi
807 4090 864 4141 p.
894 4083 959 4125 4ο
997 4084 1048 4126 et
1080 4075 1178 4126 Ιιοο
1215 4075 1365 4143 apud
1393 4072 1602 4127 Festum
1632 4076 1842 4128 Paulus
1881 4079 2023 4145 loqu,
2061 4079 2325 4148 ploxonio
2367 4083 2430 4148 L,

313 4139 658 4194 interstitium
693 4143 753 4194 in
790 4145 862 4193 D.
983 4155 1045 4193 29.
1086 4142 1343 4197 defessus
1383 4142 1460 4195 L.-
1496 4147 1762 4199 merentis
1802 4148 1872 4211 D,
1912 4148 2170 4202 meientis
2210 4152 2430 4206 Riccar-

315 4209 530 4262 dianus.
569 4209 817 4266 diffissus
854 4213 1074 4268 Statius.
1185 4217 1400 4268 aestum
1440 4212 1562 4266 DL.
1668 4227 1732 4267 30.
1770 4216 2047 4271 Defessus
2085 4220 2178 4270 D..
2205 4249 2218 4260 ·

358 4341 361 4344 ,
454 4296 539 4364 73,
578 4308 616 4348 1.
656 4296 780 4351 Nec
820 4300 888 4350 D.
994 4316 1057 4353 se
1098 4300 1231 4355 fecit
1266 4302 1327 4354 L.
1435 4313 1474 4358 2.
1511 4300 1732 4375 petrino
1772 4303 1840 4353 D.
