3364 5328
923 623 1335 683 oA'rULLUs
1374 627 1460 693 68,
1501 637 1564 680 69
1587 657 1655 667 —
1680 636 1794 679 loo.
2322 629 2403 692 67

385 811 439 853 2⁰
464 802 556 865 Ad
598 819 778 878 quam
820 819 1164 863 communes
1209 816 1613 862 exerceremus
1658 821 1910 887 amoreS.

556 892 685 961 Quo
730 906 861 949 mea
904 906 969 949 se
1013 890 1175 949 molli
1216 889 1468 948 candida
1510 889 1645 949 diva
1689 893 1841 965 pede

467 978 670 1036 Intulit
713 984 772 1034 et
812 977 949 1034 trito
995 977 1316 1050 fulgentem
1359 974 1419 1032 in
1461 973 1661 1035 limine
1705 977 1966 1051 plantam

554 1063 758 1121 Innixa
803 1069 1011 1136 arguta
1055 1060 1358 1121 constituit
1398 1059 1579 1132 solea,

470 1148 749 1223 Coniugis
792 1155 860 1205 ut
901 1149 1204 1221 quondam
1245 1145 1504 1220 flagrans
1548 1148 1789 1207 advenit
1830 1163 2032 1207 amore

384 1241 436 1282 2⁵
546 1233 964 1293 Protesilaeam
1007 1231 1326 1292 Laodamia
1368 1232 1611 1291 domum

469 1319 768 1393 Inceptam
811 1319 1046 1388 frustra,
1091 1318 1357 1377 nondum
1403 1332 1539 1376 cum
1579 1320 1871 1394 sanguine
1912 1336 2084 1380 sacro

554 1406 756 1464 Hostia
798 1405 1067 1464 caelestis
1105 1403 1469 1478 pacificasset
1506 1405 1702 1464 heros.

471 1490 560 1549 Nil
604 1491 746 1550 mihi
786 1498 908 1549 tam
950 1491 1123 1549 valde
1166 1491 1412 1564 placeat,
1459 1491 1823 1550 Rhamnusia
1867 1492 2050 1567 virg0‚

556 1577 729 1645 Quod
773 1583 996 1636 temere
1040 1577 1237 1635 invitis
1281 1575 1638 1649 suscipiatur
1682 1572 1860 1636 heriS.

389 1676 443 1714 ³0
469 1664 659 1732 Quam
700 1663 898 1722 ieiuna
941 1663 1103 1736 pium
1149 1661 1442 1721 desideret
1486 1678 1589 1720 ara
1633 1677 1926 1736 cruorem,

341 1747 425 1808 64
557 1750 739 1806 Docta
783 1756 873 1807 est
915 1748 1132 1808 amisso
1176 1748 1496 1806 Laodamia
1538 1748 1686 1820 vir0‚

472 1834 751 1909 Coniugis
796 1842 933 1893 ante
976 1841 1175 1893 coacta
1218 1833 1358 1892 novi
1403 1834 1694 1891 dimittere
1739 1834 1974 1906 collum,

555 1920 746 1989 Quam
790 1920 1034 1979 veniens
1080 1935 1200 1978 una
1243 1925 1420 1991 atque
1465 1919 1650 1977 altera
1694 1934 1900 1977 rursus
1945 1919 2132 1978 hiems

469 2006 751 2065 Noctibus
795 2007 856 2063 in
900 2004 1094 2077 longis
1139 2004 1377 2063 avidum
1422 2011 1749 2062 saturasset
1792 2019 2073 2076 amorem,

413 2105 438 2144 ⁵
550 2091 760 2151 Posset
802 2097 868 2149 ut
912 2090 1165 2163 abrupto
1211 2090 1409 2148 vivere
1453 2090 1751 2164 coniugi0‚

470 2178 640 2247 Quod
684 2177 918 2236 scibant
958 2176 1178 2234 Parcae
1222 2189 1343 2234 non
1387 2176 1567 2249 longo
1611 2182 1879 2249 tempore
1923 2175 2137 2248 abisse,

552 2263 613 2322 Si
656 2264 826 2322 miles
868 2277 1071 2337 muros
1114 2263 1258 2321 isset
1300 2262 1375 2320 ad
1418 2261 1656 2320 Iliacos:

469 2349 613 2406 Nam
657 2357 784 2409 tum
828 2349 1084 2407 Helenae
1127 2354 1301 2423 raptu
1341 2347 1629 2421 primores
1673 2347 2026 2421 Argivorum

556 2434 846 2509 Coeperat
889 2435 964 2492 ad
1009 2449 1140 2493 sese
1183 2434 1357 2492 Troia
1401 2434 1556 2492 ciere
1600 2434 1779 2503 virOS‚

391 2532 441 2572 10
466 2522 639 2580 Troia
684 2518 901 2597 (nefas)
948 2534 1260 2578 commune
1302 2520 1642 2593 sepulcrum
1687 2517 1861 2576 Asiae
1904 2520 2309 2597 Europaeque,

556 2608 729 2667 Troia
773 2606 966 2666 virum
1012 2612 1070 2664 et
1110 2606 1391 2666 virtutum
1437 2605 1703 2664 omnium
1748 2605 1962 2663 acerba
2005 2607 2171 2684 ciniS‚

472 2693 713 2761 Quaene
758 2693 933 2752 etiam
981 2700 1183 2751 nostro
1229 2695 1410 2752 letum
1456 2692 1792 2752 miserabile
1833 2691 1996 2750 fratri

555 2780 779 2841 Attulit.
836 2780 932 2838 hei
976 2780 1192 2838 misero
1238 2780 1418 2838 frater
1462 2781 1737 2852 adempte
1779 2777 1941 2848 mihi,

468 2866 574 2925 Hei
616 2868 833 2926 misero
878 2865 1042 2924 fratri
1084 2866 1412 2924 iucundum
1455 2866 1654 2922 lumen
1685 2862 2058 2940 ademptum,

391 2961 441 3002 1⁵
552 2953 773 3011 Tecum
817 2966 937 3008 una
979 2955 1104 3007 tota
1146 2957 1236 3008 est
1277 2957 1480 3007 nostra
1522 2948 1754 3019 sepulta
1798 2948 2028 3021 domuS‚

470 3037 680 3096 Omnia
722 3042 919 3091 tecum
964 3049 1084 3091 una
1128 3033 1432 3105 perierunt
1474 3032 1691 3106 gaudia
1734 3037 1956 3102 nostra,

558 3122 724 3189 Quae
767 3126 907 3176 tuus
949 3118 1009 3175 in
1055 3117 1173 3175 vita
1219 3117 1404 3176 dulcis
1448 3118 1645 3176 alebat
1688 3130 1873 3173 amor.

475 3206 662 3274 Quem
707 3216 869 3261 nunc
911 3209 1030 3260 tam
1074 3202 1251 3276 longe
1294 3217 1415 3261 non
1459 3203 1611 3261 inter
1655 3207 1798 3259 nota
1839 3201 2110 3274 sepulcra

558 3290 677 3347 Nec
721 3302 906 3361 prope
950 3296 1235 3362 cognatos
1281 3287 1673 3361 compositum
1718 3286 1963 3356 cineres,

392 3384 446 3422 2⁰
470 3372 586 3432 Sed
631 3373 1127 3445 Troiaobscena,
1172 3375 1345 3432 Troia
1387 3374 1619 3434 infelice
1661 3372 1958 3444 sepultum

555 3459 788 3518 Detinet
830 3465 1089 3518 extremo
1135 3466 1292 3518 terra
1338 3461 1530 3520 aliena
1571 3457 1722 3517 solo.

446 3694 533 3759 63,
569 3705 633 3745 23.
670 3693 728 3746 in
767 3692 926 3747 solea
961 3692 1032 3745 D.
1137 3703 1200 3742 25.
1240 3688 1649 3745 Prothesileam
1689 3692 1752 3744 L.
1869 3691 2150 3751 laudomia
2183 3697 2300 3752 DL.
2336 3699 2446 3752 oica

307 3764 462 3817 etiam
500 3775 583 3829 64,
617 3775 660 3817 1.
689 3774 776 3817 26.
915 3776 977 3814 26.
1016 3764 1253 3833 Incepta
1288 3761 1410 3814 DL.
1448 3766 1676 3817 correxit
1717 3764 2008 3820 Tua-nebus.
2125 3780 2189 3820 27.
2228 3769 2412 3822 conei-

304 3833 509 3888 liasset
545 3836 613 3887 D.
753 3846 818 3885 28.
855 3835 1078 3888 ranusia
1112 3837 1185 3898 D,
1223 3833 1447 3886 ranusia
1479 3832 1542 3884 L.
1659 3846 1723 3885 29.
1763 3837 1872 3889 eris
1910 3838 1980 3887 D.
2086 3850 2150 3889 30.
2189 3836 2413 3898 deficie-

303 3909 389 3958 ret
425 3907 496 3970 D,
535 3903 798 3959 deficeret
832 3906 898 3958 L.

445 3993 531 4057 64,
567 4005 606 4043 2.
645 4008 844 4046 novum
884 3993 955 4056 D,
993 3991 1150 4045 vovit
1183 3990 1244 4045 L.
1283 3993 1511 4045 correxit
1547 3992 1806 4045 Muretus.
1912 4007 1951 4047 5.
1990 3998 2049 4047 et
2085 3993 2323 4065 obrupto
2360 3995 2418 4045 D

303 4064 468 4115 solus.
572 4075 612 4113 e.
651 4062 899 4118 scribant
932 4064 1003 4114 D.
1039 4062 1223 4114 malim
1259 4062 1457 4116 scibat.
1565 4075 1603 4114 ⁷.
1643 4063 1915 4118 Similiter
1944 4082 2017 4134 pr
2052 4066 2118 4120 L.
2261 4066 2419 4118 esset

304 4134 360 4184 D
393 4133 551 4186 solus.
659 4145 723 4184 11.
759 4131 885 4186 finis
922 4134 994 4183 D.
1100 4144 1164 4183 12.
1205 4132 1433 4199 Quaene
1459 4133 1626 4186 etiam
1650 4134 1772 4188 Nic.
1796 4134 2088 4188 Heinsius.-
2128 4135 2285 4200 Quae
2323 4150 2420 4187 ve·

305 4205 390 4256 tet
426 4204 482 4256 id
522 4203 638 4256 DL.
781 4215 843 4257 13.
882 4214 944 4259 14.
983 4203 1037 4254 ei
1073 4205 1146 4255 D.
1285 4214 1350 4254 1⁶.
1387 4207 1478 4257 est
1513 4222 1597 4256 om
1631 4205 1705 4255 D.
1855 4217 1917 4256 18.
1958 4207 2115 4272 Quae
2155 4204 2276 4258 DL.

303 4285 367 4325 19.
404 4274 751 4345 compositus
790 4274 996 4328 cineris
1035 4275 1098 4327 L.
1215 4286 1279 4325 20.
1320 4273 1671 4344 sepulchrum
1710 4275 1780 4330 D.
1904 4287 1970 4328 21.
2008 4273 2240 4329 Detinet
2275 4277 2344 4328 D.

1913 4362 2016 4427 5*
