3364 5328
939 658 1021 721 86

1958 832 2016 896 8.

1009 935 1068 985 C.
1106 930 1280 986 Calvo
1316 931 1574 1016 §Caesam
1597 904 1747 1018 *post
1784 935 1998 989 famosa
2034 934 2433 1018 epigrammata
2470 936 2541 990 de
2589 937 3050 993 reconciliatione

1075 1017 1196 1128 {³30
1224 1018 1434 1128 altgicos
1485 1009 1670 1074 agenti
1707 1004 1853 1060 ultro
1898 1020 1967 1060 ac
2002 1022 2154 1076 prlor
2190 1009 2431 1076 scrlpsit.
2506 1006 2791 1062 Suetonius
2827 1011 2887 1063 in
2925 1009 3052 1065 oae-

1969 1194 2027 1300 9.

840 1403 845 1409 Ι
948 1356 953 1360 ·
1005 1333 1256 1403 Eumque
1295 1334 1638 1405 (Tigellium)
1677 1336 1963 1392 addictum
2002 1338 2112 1392 iam
2147 1339 2263 1392 tum
2299 1341 2435 1410 puto
2476 1353 2604 1393 esse
2642 1336 2800 1393 Calvi
2838 1339 3049 1394 Licinii

1077 1404 1474 1475 Hipponacteo
1512 1409 1831 1477 praeconia
1912 1410 2088 1464 Cicero
2124 1410 2277 1479 epist.
2318 1415 2364 1476 7,
2393 1418 2473 1462 24.

1948 1569 2045 1630 10.

938 1668 1286 1744 Hesperium
1331 1677 1468 1730 ante
1510 1672 1684 1731 iubar
1729 1672 2017 1746 quatiens.

1007 1749 1066 1804 in
1104 1750 1492 1820 epithalamio:
1530 1753 1851 1809 Priscianus
1891 1763 1937 1819 5,
1970 1772 2027 1822 p.
2057 1761 2176 1810 658.

1948 1917 2045 1976 11.

939 2013 1086 2073 Cum
1133 2016 1328 2090 gravis
1369 2016 1594 2092 ingenti
1640 2020 1957 2079 connivere
2000 2021 2226 2095 pupula
2267 2035 2497 2079 somno.

1007 2097 1324 2152 Priscianus
1363 2107 1410 2164 9,
1441 2117 1501 2166 p.
1531 2108 1648 2152 866.
1723 2102 1942 2170 urgenti
1979 2102 2048 2153 N.
2087 2100 2359 2157 Heinsius.

1947 2260 2043 2320 12.

1240 2368 1444 2435 partus
1489 2364 1735 2438 gravido
1778 2365 2053 2439 portabat
2094 2365 2154 2424 in
2202 2365 2352 2424 alvo.

1013 2443 1292 2497 Charisius
1336 2452 1379 2509 1,
1410 2461 1468 2512 p.
1509 2454 1593 2499 61.
1633 2447 1728 2498 sed
1755 2464 1857 2512 pro
1898 2445 2051 2500 Calvi
2086 2446 2297 2500 nomine
2334 2447 2498 2501 codex
2532 2448 2687 2500 habet
2724 2446 2897 2502 alvus.

1949 2605 2045 2664 13.

938 2706 1381 2779 pollentemque
1425 2706 1601 2765 deum
1649 2708 1954 2765 Venerem.

1004 2788 1308 2841 Macrobius
1345 2787 1565 2841 Saturn.
1605 2797 1653 2853 3,
1684 2796 1731 2840 8.
1770 2787 1989 2843 Servius
2026 2790 2102 2843 ad
2136 2788 2271 2843 Aen.
2310 2796 2359 2851 2,
2390 2796 2508 2844 632.

1947 2949 2045 3009 14.

936 3057 1008 3115 Et
1052 3055 1215 3128 leges
1260 3059 1497 3111 sanctas
1544 3053 1747 3111 docuit
1791 3060 1849 3113 et
1893 3069 2031 3113 cara
2071 3054 2293 3129 iugavit

937 3141 1200 3215 Corpora
1245 3138 1515 3198 conubiis
1561 3146 1619 3198 et
1662 3155 1910 3214 magnas
1956 3140 2221 3199 condidit
2262 3140 2459 3198 urbes·

1007 3221 1103 3274 alii
1143 3219 1333 3274 dieunt
1370 3220 1556 3274 favere
1594 3220 1806 3291 nuptiis
1847 3221 2121 3287 Cererem,
2162 3219 2311 3290 quod
2349 3219 2528 3290 prima
2562 3219 2817 3289 nupserit
2840 3220 2961 3273 Iovi
2998 3223 3055 3272 et

1077 3289 1387 3414 {oggendis
1423 3290 1654 3346 urbibus
1693 3291 1926 3361 praesit,
1965 3295 2026 3345 ut
2063 3290 2269 3347 Calvus
2309 3289 2502 3345 docet:
2553 3290 2771 3345 Servius
2808 3292 2883 3344 ad
2917 3291 3047 3343 Aen.

1117 3401 1130 3426 ,
1230 3401 1244 3414 .

1948 3435 2044 3495 15.

1541 3541 1704 3599 hunc
1745 3546 1911 3609 tanto
1956 3554 2203 3600 munere
2248 3539 2443 3614 digna.

1006 3622 1224 3675 Servius
1262 3624 1335 3675 ad
1369 3624 1497 3678 Aen.
1543 3629 1622 3686 11,
1657 3628 1773 3674 169.

1948 3779 2043 3839 16.

937 3886 1027 3946 Ah
1073 3887 1239 3962 virgo
1284 3886 1502 3959 infelix,
1548 3885 1749 3945 herbis
1790 3884 2048 3958 pasceris
2093 3884 2325 3943 amariS.

1005 3968 1064 4022 in
1100 3969 1193 4023 Io:
1230 3968 1450 4023 Servius
1486 3968 1562 4022 ad
1596 3967 1691 4022 ecl.
1733 3973 1786 4032 6,
1813 3970 1896 4022 47.

1945 4124 2043 4184 17.

939 4230 1040 4288 Sol
1085 4245 1323 4303 quoque
1367 4237 1687 4305 perpetuos
1730 4228 1996 4288 meminit
2039 4228 2412 4305 requiescere
2457 4242 2684 4286 cursus.

1007 4312 1063 4365 in
1102 4313 1194 4366 Io:
1234 4312 1449 4367 Servius
1486 4315 1561 4367 ad
1598 4313 1693 4367 ecl.
1735 4320 1783 4377 8,
1812 4322 1859 4362 4.
