3364 5328
884 607 1299 667 oA'rULLUs
1337 607 1456 671 loo,
1487 605 1720 689 5-104,
1740 616 1785 656 4.
2309 600 2387 662 79

325 793 407 856 74
453 794 560 854 Cui
605 793 834 853 faveam
877 784 1117 864 potius?
1164 785 1341 857 Caeli,
1385 783 1515 845 tibi:
1563 797 1702 840 nam
1748 788 1848 839 tua
1894 779 2065 839 nobis

538 879 806 939 Perfecta
851 876 1102 951 exigitur
1146 873 1321 933 unica
1364 867 1636 937 amicitia,
1703 942 1704 945 Ἴ

455 966 601 1026 Cum
645 979 864 1025 vesana
904 977 1068 1021 meas
1110 963 1364 1017 torreret
1404 954 1639 1011 flamma
1685 952 1993 1011 medullas.

538 1052 629 1111 Sis
672 1050 827 1121 felix,
877 1047 1055 1117 Caeli,
1102 1046 1181 1103 sis
1226 1044 1287 1101 in
1333 1054 1533 1098 amore
1577 1045 1808 1111 potens.

401 1283 426 1321 ⁵
454 1234 684 1332 Multas
730 1287 837 1344 per
883 1273 1087 1341 gentes
1135 1269 1192 1321 et
1235 1263 1419 1321 multa
1463 1275 1570 1333 per
1613 1273 1871 1332 aequora
1916 1265 2118 1318 vectus

540 1356 807 1416 Advenio
852 1355 961 1412 has
1005 1351 1270 1421 miseraS,
1317 1349 1515 1417 frater,
1565 1346 1639 1403 ad
1682 1344 1939 1416 inferiaS,

456 1443 529 1502 Ut
571 1450 630 1502 te
673 1447 973 1516 postremo
1019 1437 1302 1494 donarem
1347 1446 1594 1491 munere
1636 1431 1842 1489 mortis

544 1529 614 1587 Et
658 1534 883 1586 mutam
928 1521 1322 1599 nequicquam
1369 1518 1703 1591 alloquerer
1747 1516 2019 1589 cinerem,

459 1612 950 1686 Quandoquidem
997 1608 1231 1665 fortuna
1275 1604 1417 1663 mihi
1463 1610 1519 1661 te
1563 1610 1621 1660 te
1665 1603 1907 1660 abstulit
1950 1603 2161 1676 ipsum,

376 1709 428 1749 10
536 1700 662 1757 Heu
708 1698 888 1756 miser
930 1694 1170 1767 indigne
1216 1692 1399 1749 frater
1444 1690 1718 1761 adempte
1763 1687 1923 1746 mihi.

453 1784 618 1842 Nunc
664 1791 861 1842 tamen
904 1780 1150 1849 interea,
1195 1777 1391 1851 prisco
1441 1789 1593 1847 quae
1637 1788 1803 1831 more
1846 1782 2156 1845 parentum

540 1870 776 1928 Tradita
820 1872 959 1926 sunt
1002 1864 1184 1922 tristis
1228 1875 1477 1918 munera
1520 1860 1594 1917 ad
1639 1857 1897 1929 inferias,

459 1954 672 2028 Accipe
716 1954 977 2011 fraterno
1022 1948 1276 2006 multum
1321 1943 1622 2002 manantia
1665 1942 1827 2012 fletu,

388 2035 393 2041 ’
542 2040 733 2114 Atque
778 2039 839 2097 in
884 2041 1257 2109 perpetuum,
1304 2030 1501 2100 frater,
1548 2043 1656 2087 ave
1700 2035 1878 2101 atque
1921 2029 2068 2086 vale.

378 2271 427 2312 1⁵
457 2224 529 2320 Si
575 2260 894 2336 quicquam
939 2254 1117 2315 tacito
1164 2250 1544 2310 commissum
1590 2256 1679 2308 est
1725 2249 1841 2307 fido
1888 2250 1962 2309 ab
2008 2252 2216 2323 amice,

543 2347 722 2407 Cuius
766 2345 843 2405 sit
887 2341 1123 2418 penitus
1168 2345 1309 2396 nota
1352 2336 1498 2395 fides
1543 2335 1743 2408 animi,

459 2434 670 2508 Meque
716 2446 847 2490 esse
891 2425 1155 2487 invenies
1200 2423 1433 2481 illorum
1480 2422 1609 2480 iure
1652 2430 1968 2496 sacratum,

546 2517 801 2589 Corneli,
849 2521 906 2573 et
951 2513 1170 2571 factum
1218 2524 1312 2566 me
1357 2523 1486 2567 esse
1530 2516 1671 2581 puta
1719 2509 2159 2582 Harpocratem.

465 2706 592 2805 Aut
636 2743 813 2802 sodes
859 2739 1000 2799 mihi
1046 2739 1228 2798 redde
1275 2738 1479 2796 decem
1523 2733 1810 2806 sestertia,
1858 2729 1999 2803 Silo,

376 2837 429 2875 ²⁰
539 2829 763 2889 Deinde
807 2833 935 2886 esto
980 2825 1250 2898 quamvis
1294 2838 1506 2883 saevus
1553 2829 1611 2879 et
1649 2819 2000 2878 indomitus:

461 2917 596 2983 Aut,
642 2914 692 2972 si
735 2920 793 2970 te
839 2911 1064 2970 nummi
1110 2910 1422 2977 delectant,
1470 2907 1673 2964 desine
1719 2917 1940 2977 quaeso

547 3000 710 3057 Leno
757 3011 886 3054 esse
932 3001 1108 3065 atque
1151 2994 1309 3051 idem
1353 3005 1567 3050 saevus
1613 2996 1671 3046 et
1714 2987 2053 3047 indomituS.

464 3177 679 3274 Credis
725 3229 818 3271 me
861 3212 1127 3288 potuisse
1171 3226 1338 3269 meae
1381 3210 1735 3268 maledicere
1780 3207 1952 3276 vitae,

550 3300 854 3358 Ambobus
898 3298 1039 3356 mihi
1087 3312 1240 3371 quae
1287 3296 1479 3354 carior
1524 3302 1613 3353 est
1657 3288 1887 3352 oculis?

381 3395 432 3435 ²⁵
460 3386 586 3445 Non
636 3385 818 3459 potui,
865 3399 994 3455 nec,
1041 3377 1089 3441 s'i
1134 3398 1389 3457 possem,
1436 3387 1556 3438 tam
1600 3379 1827 3452 perdite
1873 3389 2149 3434 amarem.

549 3472 665 3531 Sed
711 3477 774 3528 tu
823 3484 958 3528 cum
1003 3469 1282 3542 Tappone
1327 3466 1526 3526 omnia
1568 3470 1833 3524 monstra
1877 3462 2036 3520 facis.

414 3607 431 3632 Χ

434 3709 519 3775 74,
556 3720 594 3758 1.
633 3706 754 3760 cele
794 3705 862 3757 D.
970 3716 1009 3759 2.
1050 3705 1140 3757 est
1171 3702 1187 3756 i
1233 3701 1340 3755 itur
1367 3704 1456 3754 est
1480 3698 1542 3752 L.
1575 3701 1889 3770 Pet-specta
1914 3697 2089 3767 exigit
2112 3696 2220 3750 hoc
2263 3695 2407 3747 Golo-

295 3784 420 3845 οἰαε,
458 3780 770 3832 Mintur-nus
807 3787 853 3828 et
879 3774 1147 3839 Pera-eius,
1184 3717 1299 3826 {er
1335 3772 1486 3825 facta
1511 3770 1762 3823 exhibita.
1787 3774 1876 3824 est
1901 3788 2009 3838 eqo.
2115 3781 2156 3820 3.
2195 3781 2410 3818 vexana

294 3854 366 3915 D,
405 3864 646 3905 vessana
682 3846 747 3897 L.
888 3857 930 3899 4.
966 3845 1022 3897 in
1063 3844 1135 3897 L:
1173 3842 1305 3895 mihi
1345 3844 1419 3897 D.
1559 3854 1599 3892 8.
1636 3843 1843 3894 mutum
1881 3843 1952 3891 D.
2094 3851 2133 3889 9.
2174 3834 2409 3902 Quando

295 3920 429 3990 quid
467 3922 537 3973 D.
648 3929 710 3971 11.
747 3915 873 3970 Nec
913 3917 983 3969 D.
1092 3915 1308 3968 interea
1342 3912 1451 3966 hoc
1486 3912 1552 3963 L.
1671 3911 1973 3980 priscoque
2013 3909 2073 3973 L,
2113 3907 2300 3977 prisco
2340 3904 2408 3957 de

295 3993 366 4047 D.
473 4002 536 4045 12.
574 3987 723 4043 tristi
761 3986 826 4051 L,
865 3987 1209 4039 interstitium
1246 3986 1305 4037 in
1341 3985 1413 4034 D.
1528 3997 1752 4035 munere
1790 3982 1853 4032 L.
1981 3992 2042 4030 13.
2079 3978 2253 4031 multa
2287 3991 2411 4027 mea

294 4077 521 4115 munera
555 4059 687 4113 fletu
724 4059 793 4107 D.
901 4067 963 4105 19.
1002 4054 1198 4108 decem
1235 4072 1316 4105 om
1354 4054 1423 4104 D.
1541 4052 1815 4106 sextertia
1850 4053 1917 4108 D.
2044 4062 2107 4100 20.
2146 4051 2236 4100 est
2272 4049 2305 4099 ὁ
2343 4044 2408 4111 L,

294 4148 358 4185 es
397 4148 431 4185 ο
468 4132 538 4182 D.
645 4138 709 4183 21.
747 4126 896 4179 mimi
932 4126 1051 4189 DL,
1092 4123 1240 4177 numi
1274 4124 1691 4177 LamentianuS.
1796 4134 1861 4173 23.
1900 4118 2098 4175 Credis
2136 4119 2208 4171 mi
2233 4118 2304 4168 D.

294 4200 630 4258 maladicere
670 4198 738 4248 D.
880 4207 942 4250 24.
982 4195 1114 4249 mihi
1152 4194 1226 4246 L.-
1262 4194 1426 4248 nobis
1464 4195 1534 4245 D.
1675 4205 1739 4244 25.
1778 4206 1962 4246 amare
2001 4190 2064 4241 L.
2183 4200 2247 4239 26.
2286 4202 2408 4240 cum

294 4276 539 4342 tappone
579 4271 653 4322 L:
690 4282 813 4322 cum
851 4282 1104 4337 cappone
1140 4265 1556 4329 Laurentianus,
1595 4267 1798 4318 cuncta
1834 4267 2000 4334 potes
2037 4263 2107 4313 D.

1947 4705 2232 4733 dddddd

2185 4733 2203 4746 d
