3364 5328
889 677 897 685 ·
971 655 1051 714 74
1381 648 1800 705 CATULLUS
1834 652 1921 715 86,
1943 648 2139 716 -5-87,
2167 661 2216 704 4.
2255 650 2341 717 76,
2376 652 2559 718 1-76,
2592 661 2669 705 18.

1057 840 1108 880 25
1135 828 1346 887 Lesbia
1389 827 1647 885 formosa
1692 834 1798 899 est,
1846 844 1998 901 quae
2042 844 2176 888 cum
2224 827 2619 904 pulcherrima
2663 836 2786 888 tota
2831 838 2934 903 est,
2973 824 2981 828 “

1221 916 1368 972 Tum
1415 913 1692 973 omnibus
1735 930 1855 974 una
1899 930 2104 974 omnes
2147 917 2431 990 surripuit
2473 916 2749 975 Veneres,

1134 1063 1322 1165 Nulla
1365 1110 1559 1179 potest
1603 1103 1815 1162 mulier
1858 1110 2087 1162 tantum
2131 1121 2196 1162 se
2241 1104 2438 1163 dicere
2482 1112 2734 1164 amatam

1218 1191 1386 1260 Vere,
1432 1197 1720 1262 quantum
1766 1206 1800 1247 a
1845 1206 1939 1248 me
1984 1189 2195 1249 Lesbia
2239 1197 2430 1248 amata
2476 1207 2608 1249 mea
2651 1207 2731 1250 es,

1133 1276 1301 1334 Nulla
1344 1275 1488 1333 fides
1533 1277 1696 1333 nullo
1741 1275 1850 1334 fuit
1892 1291 2153 1350 unquam
2195 1276 2433 1336 foedere
2475 1283 2654 1348 tanta,

1052 1371 1105 1412 30
1215 1361 1448 1430 Quanta
1490 1359 1551 1417 in
1595 1375 1796 1419 amore
1841 1368 1943 1419 tuo
1990 1378 2062 1420 ex
2099 1370 2265 1435 parte
2311 1368 2542 1435 reperta
2585 1378 2717 1420 mea
2762 1370 2868 1421 est.

1011 1443 1091 1504 70
1135 1447 1301 1505 Nunc
1347 1453 1436 1505 est
1478 1461 1644 1504 mens
1693 1446 1929 1504 diducta
1971 1453 2092 1520 tua,
2139 1464 2272 1506 mea
2315 1447 2543 1519 Lesbia,
2590 1448 2786 1543 eulpa,

1218 1531 1410 1605 Atque
1453 1531 1533 1590 ita
1576 1548 1641 1589 se
1687 1531 1880 1589 officio
1925 1533 2180 1605 perdidit
2221 1533 2351 1608 ipsa
2393 1548 2524 1604 sue,

1135 1619 1208 1678 Ut
1250 1618 1367 1677 iam
1413 1632 1522 1675 nec
1565 1618 1724 1675 hene
1763 1617 1913 1675 velle
1959 1624 2137 1690 queat
2176 1619 2300 1691 tihi,
2347 1619 2396 1677 si
2443 1619 2661 1692 optima
2705 1620 2831 1691 fiaS,

1217 1703 1335 1762 Nec
1380 1703 1661 1763 desistere
1707 1718 1922 1775 amare,
1972 1703 2169 1763 omnia
2213 1705 2263 1762 si
2307 1703 2505 1764 facias.

1074 1906 1099 1944 ⁵
1127 1857 1319 1967 Siqua
1364 1893 1698 1952 recordanti
1742 1893 2051 1952 benefacta
2095 1894 2292 1967 priora
2338 1894 2611 1969 voluptas

1213 1981 1315 2038 Est
1357 1977 1599 2048 homini,
1647 1993 1780 2036 cum
1827 1993 1891 2036 se
1931 1980 2154 2053 cogitat
2199 1994 2330 2039 esse
2372 1981 2555 2055 pium,

1127 2066 1244 2124 Nec
1287 2070 1552 2123 sanctam
1596 2064 1849 2123 violasse
1894 2064 2087 2135 fidem,
2136 2081 2247 2124 nec
2292 2067 2530 2126 foedere
2573 2067 2632 2125 in
2679 2067 2797 2129 ullo

1214 2151 1421 2209 Divum
1470 2150 1544 2207 ad
1590 2149 1880 2208 fallendos
1925 2150 2167 2208 numine
2211 2152 2464 2211 abusum
2507 2153 2816 2222 homines,

1127 2237 1308 2294 Multa
1350 2241 1555 2310 parata
1597 2242 1839 2294 manent
1882 2235 1943 2293 in
1988 2236 2164 2309 longa
2209 2244 2417 2308 aetate,
2466 2237 2710 2308 Catulle,

1048 2333 1100 2374 ιο
1209 2323 1294 2380 Ex
1336 2323 1450 2380 hoc
1492 2322 1725 2395 ingrato
1771 2321 1987 2396 gaudia
2031 2335 2232 2380 amore
2275 2322 2398 2381 tibi.

1125 2408 1270 2466 Nam
1295 2422 1687 2482 quaecunque
1711 2407 1979 2466 homines
1997 2407 2151 2466 bene
2175 2407 2452 2482 cuiquam
2474 2414 2577 2467 aut
2600 2408 2795 2466 dicere
2817 2415 3064 2481 possunt

1212 2493 1329 2552 Aut
1372 2493 1584 2563 facere,
1628 2494 1778 2551 haec
1821 2509 1855 2550 a
1900 2500 1958 2551 te
2001 2493 2275 2567 dictaque
2318 2494 2589 2567 factaque
2632 2499 2789 2564 sunt,

1129 2581 1338 2640 Omnia
1384 2594 1536 2676 quae
1578 2578 1845 2652 ingratae
1888 2578 2191 2651 perierunt
2236 2580 2456 2638 credita
2499 2578 2764 2639 menti..

1207 2667 1403 2736 Quare
1445 2666 1561 2724 iam
1604 2672 1662 2721 te
1709 2680 1815 2722 cur
1858 2663 2111 2738 amplius
2156 2658 2494 2723 excrucies?

1044 2765 1093 2803 1⁵
1120 2752 1273 2821 Quin
1318 2758 1382 2809 tu
1427 2750 1623 2808 animo
1670 2749 1927 2807 affirmas
1972 2749 2171 2821 itaque
2213 2749 2384 2805 istinc
2427 2755 2603 2820 teque
2649 2731 2903 2820 reduciS,

1207 2837 1278 2895 Et
1322 2836 1447 2894 deis
1491 2834 1687 2894 invitis
1735 2833 1954 2892 desinis
2000 2849 2130 2892 esse
2173 2828 2394 2891 miser?

1125 2922 1368 2981 Difficile
1413 2926 1501 2980 est
1543 2920 1788 2994 longum
1832 2919 2027 2978 subito
2074 2920 2371 2993 deponere
2413 2932 2693 2976 amorem.
2773 2971 2776 2974 .

1207 3007 1449 3066 Difficile
1493 3012 1599 3077 est,
1646 3022 1855 3064 verum
1898 3006 2013 3063 hoc
2057 3021 2176 3078 qua
2218 3004 2384 3063 lubet
2428 3004 2676 3063 efficias:

1122 3095 1249 3153 Una
1292 3094 1452 3152 salus
1496 3094 1644 3151 haec
1691 3099 1795 3161 est,
1842 3092 1958 3149 hoc
2002 3097 2091 3149 est
2135 3089 2238 3148 tibi
2284 3090 2781 3165 pervincendum:

1041 3192 1094 3231 20
1201 3179 1326 3237 Hoc
1369 3177 1569 3249 faciaS,
1614 3178 1739 3237 sive
1782 3178 1843 3235 id
1887 3192 2007 3235 non
2053 3183 2191 3251 pote
2234 3176 2358 3235 sive
2401 3183 2559 3250 pote.

1123 3265 1168 3324 Ο
1217 3264 1316 3334 dii,
1360 3264 1410 3323 si
1453 3271 1717 3322 vestrum
1761 3270 1850 3321 est
1891 3262 2175 3332 misereri,
2221 3268 2325 3320 aut
2365 3262 2414 3319 si
2461 3261 2676 3335 quibus
2721 3276 2981 3335 uuquam

1207 3351 1541 3409 Extremam
1584 3350 1702 3407 iam
1748 3348 1871 3421 ipsa
1918 3355 2108 3407 morte
2150 3347 2365 3405 tuiistis
2411 3362 2604 3421 opem,

1089 3518 1175 3579 69,
1210 3528 1273 3569 26.
1311 3516 1588 3586 subripuit
1622 3517 1695 3578 D,
1735 3513 1839 3568 arri
1882 3513 1966 3567 uit
2001 3512 2065 3569 L.
2196 3526 2258 3564 28.
2297 3529 2331 3567 a
2365 3528 2452 3567 me
2490 3530 2574 3567 om
2610 3513 2682 3565 D.
2814 3515 2904 3566 est
2938 3512 3060 3563 DL.

951 3590 1177 3641 correxit
1210 3587 1470 3655 Scaliqer.
1582 3598 1645 3637 29.
1684 3583 1797 3639 ullo
1888 3626 1900 3639 .
2010 3588 2169 3639 tanto
2194 3584 2256 3636 L.

1093 3672 1452 3735 7o,1.Nun0
1482 3674 1799 3726 Ouiacianus
1837 3673 1921 3724 vel
1957 3687 2135 3723 errore
2158 3672 2321 3738 felici
2345 3673 2430 3724 vel
2463 3672 2531 3724 de
2568 3672 2873 3724 coniectwra
2897 3668 3063 3723 Itali.-

950 3744 1079 3797 Huc
1114 3712 1231 3801 DL.
1345 3743 1590 3798 deducta
1622 3743 1752 3795 DL.-
1790 3743 1931 3810 quod
1966 3744 2189 3795 correxi.
2305 3756 2393 3794 me
2431 3743 2500 3796 D.
2625 3753 2665 3791 2.
2705 3738 2954 3809 prodidit
2990 3742 3060 3793 D.

1019 3828 1058 3867 3.
1094 3814 1347 3884 velleque
1385 3817 1475 3867 tot
1507 3813 1614 3867 tibi
1650 3813 1772 3878 DL,
1790 3762 2010 3882 qqueam
2037 3812 2187 3865 Itali.
2293 3823 2333 3864 6.
2370 3811 2647 3865 hominum
2685 3811 2755 3866 D.
2864 3822 2904 3863 ⁷.
2939 3811 3061 3865 foe-

951 3884 1084 3944 dere
1122 3884 1272 3938 nullo
1311 3885 1429 3939 DL.
1572 3897 1613 3935 8.
1649 3883 1882 3937 adusum
1918 3885 1989 3935 D.
2131 3894 2170 3938 9.
2208 3882 2454 3935 manenti
2501 3882 2557 3934 in
2595 3881 2655 3934 L.
2800 3893 2862 3933 11.
2900 3885 2963 3934 ut
2995 3882 3063 3933 L.

1020 3969 1083 4007 13.
1122 3955 1432 4024 Omniaque
1471 3956 1590 4007 DL.
1721 3966 1781 4007 14
1820 3968 1918 4007 cur
1953 3958 2007 4006 te
2044 3954 2152 4006 iam
2189 3953 2254 4005 L.
2379 3964 2440 4005 15.
2481 3952 2589 4020 Qui
2624 3952 2742 4004 DL.
2870 3951 3063 4035 itaque

950 4027 1218 4096 Scaliyere
1257 4029 1424 4093 teque
1449 4026 1521 4088 D,
1559 4028 1729 4093 atque
1767 4026 1831 4076 L.
1938 4023 2339 4144 instinctoque6
2344 4022 2762 4085 Laurentianus,
2798 4021 3061 4075 instiuto-

952 4113 1063 4165 que
1098 4100 1167 4163 D,
1203 4095 1469 4149 instincto
1508 4064 1574 4147 L.
1610 4096 1839 4147 correxit
1873 4092 2147 4146 Heinsius.
2342 4093 2474 4148 .vt
2520 4094 2585 4144 L.
2731 4091 2833 4145 des
2869 4092 2991 4144 DL.

951 4168 1125 4221 invito
1163 4165 1389 4219 desinas
1427 4167 1497 4217 D.
1605 4178 1667 4217 18.
1706 4163 1958 4235 qualibet
1993 4164 2400 4228 Rebecca-dianus,
2441 4179 2602 4232 quam
2641 4162 2796 4217 lubet
2819 4162 2881 4226 L,
2924 4178 3059 4231 qua-

951 4237 1098 4291 libus
1134 4239 1206 4289 D.
1312 4233 1525 4288 efficies
1560 4238 1630 4288 D.
1738 4247 1801 4286 19.
1838 4235 1945 4288 hoc
1982 4237 2071 4288 est
2106 4233 2214 4288 hoc
2251 4236 2310 4286 et
2354 4204 2460 4287 ti'bi
2498 4235 2566 4285 D.
2674 4246 2738 4287 2ο.
2776 4232 2954 4290 facies
2995 4233 3060 4288 L

1019 4320 1084 4361 22.
1120 4308 1387 4363 Extrema
1420 4305 1835 4362 Laurentianus.
1945 4305 2126 4378 ipsam
2161 4305 2318 4360 idem.
2901 4361 2904 4364 ,
